3162 5238
725 366 958 429 -166-

263 545 438 623 interpolata
463 547 626 606 etidcirco
651 546 774 606 delenda
800 547 944 607 videntur.
981 545 1022 605 cf.
1048 545 1077 608 S.
1095 543 1151 625 17,
1167 544 1195 625 l,
1220 546 1270 606 urbi
1291 546 1426 624 Meyeras

262 647 320 704 iam
345 645 444 705 verba:
468 642 737 723 ‘hoc—appeltat'
761 655 791 706 et
814 645 890 706 haud
915 647 1035 725 iniuria,
1063 653 1097 705 ut
1120 645 1249 726 videtur,
1277 638 1425 725 delevit1),

263 752 292 802 et
315 743 350 803 ad
374 742 457 821 Epi
480 741 507 823 1,
527 741 577 824 62,
601 744 653 804 uhi
676 744 710 804 ad
736 742 837 804 verba:
861 739 949 804 ‘haec
972 748 1021 804 lece
1045 744 1158 804 Roscia
1181 745 1329 818 equitibus
1353 746 1426 803 dcto

262 849 314 915 est,
338 849 371 901 ut
394 846 425 902 io
444 845 551 918 primis
570 843 678 902 XIIII
690 845 840 917 cruditus
862 845 1002 902 sederent
1020 860 1124 902 eorum
1142 845 1174 921 ii,
1196 845 1250 916 qui
1271 843 1303 915 ti
1322 827 1429 901 ffC-ffd

263 935 434 1013 habereut',
450 939 585 1018 Meyerus
595 948 676 1000 recte
687 940 847 1026 adnotarit:
863 935 893 1000 ‘u
903 942 1112 1016 Porphyrione
1122 943 1223 1001 alienu
1233 932 1425 1020 uidentur.'²)

352 1036 371 1112 ἓ
392 1034 441 1098 17.
478 1036 589 1097 Deinde
613 1040 731 1116 saepius
749 1041 780 1097 in
799 1039 891 1097 initiis
912 1037 1090 1097 scholiorum
1111 1037 1145 1096 ad
1166 1037 1279 1115 singula
1298 1040 1427 1097 carmina

264 1135 368 1194 breves
397 1135 498 1194 titulos
525 1137 704 1216 invenimus,
737 1139 788 1214 qni
816 1155 883 1196 cum
911 1138 941 1195 in
972 1135 1021 1195 illo
1048 1135 1150 1196 codice
1178 1134 1351 1215 Horatiano,
1379 1139 1427 1196 cni

264 1232 375 1292 scholia
398 1232 618 1312 Porphyriones
647 1236 775 1312 primum
804 1235 950 1312 adscripta
976 1242 1072 1313 erant,
1101 1233 1224 1311 singulis
1248 1232 1428 1293 carminibus

264 1333 422 1409 antepositi
455 1340 567 1411 essent,
600 1333 628 1392 id
663 1333 741 1412 qurod
774 1350 853 1392 nunc
887 1351 1004 1410 qnoque
1036 1333 1067 1390 in
1097 1332 1247 1410 plerisque
1275 1330 1428 1393 codicibus

264 1429 432 1489 Horatianis
455 1431 600 1511 videmus,
628 1430 665 1490 ab
688 1430 806 1491 indocto
830 1430 879 1490 illo
903 1430 1035 1510 homine,
1063 1431 1114 1508 qui
1137 1429 1248 1489 scholia
1271 1431 1428 1509 excerpsit,

265 1529 295 1586 in
328 1527 540 1607 Porphyrionis
577 1530 803 1589 commentarios
841 1529 952 1605 recepti
990 1536 1067 1587 sunt.
1126 1525 1162 1585 Hi
1195 1536 1293 1587 antem
1326 1545 1359 1586 ea
1392 1527 1428 1586 de

262 1643 350 1686 causa
372 1626 584 1705 Porphyrionis
613 1643 679 1686 esse
707 1644 766 1685 non
795 1633 933 1706 possunt,
957 1623 1034 1704 quod
1059 1627 1173 1684 nonin
1198 1625 1348 1705 omnibus,
1377 1625 1427 1684 sed

263 1727 293 1783 in
317 1723 466 1783 nonnullis
490 1732 604 1783 tantum
629 1722 809 1783 carminibus
834 1732 943 1802 extant,
966 1723 1072 1783 deinde
1093 1723 1171 1801 quod
1191 1724 1234 1782 eis
1254 1741 1327 1801 quae
1347 1732 1429 1784 certe

264 1821 459 1901 Porphyrioni
478 1821 633 1882 tribuenda
654 1830 732 1902 sunt,
756 1822 904 1882 interdum
924 1831 1097 1902 repugnant,
1121 1823 1206 1882 cuius
1226 1824 1270 1882 rei
1286 1824 1429 1900 optimum

264 1919 430 1998 exemplum
453 1920 552 1980 attulit
577 1919 713 1998 Meycrus
736 1921 767 1979 in
791 1920 973 1997 praefatione
993 1938 1020 1998 p.
1039 1920 1091 1980 lX:
1116 1915 1238 1980 ‘scholio
1258 1921 1282 1980 S
1299 1923 1319 1980 I
1335 1921 1363 1995 9,
1385 1922 1430 1980 60

265 2021 426 2078 Aristius
471 2021 611 2079 Fuscus
657 2022 1003 2094 praestantissimus
1051 2023 1316 2093 grammaticus
1367 2024 1429 2081 illc

264 2125 423 2193 tempore
450 2125 483 2176 et
511 2121 648 2177 amicus
676 2118 824 2176 Horatii
847 2110 937 2190 suit'
968 2119 1160 2176 conuincitur
1188 2120 1345 2194 inscriptio
1369 2121 1398 2178 E
1414 2123 1433 2179 I

265 2215 353 2294 10,1
377 2210 436 2274 ‘od
459 2218 634 2274 Aristium
658 2217 811 2274 Fuscum
834 2217 1052 2290 scriptorem
1077 2211 1363 2276 comoediarum?

353 2311 373 2388 ξ
394 2308 444 2373 18.
481 2310 534 2371 His
562 2330 636 2391 quius
664 2311 752 2372 modo
779 2314 951 2372 enumeravi
974 2311 1046 2371 locis
1071 2330 1145 2390 quae
1169 2312 1239 2371 insit
1263 2316 1430 2394 corruptela

266 2420 295 2470 et
323 2410 470 2488 quomodo
499 2410 649 2470 emendari
676 2412 783 2491 possit,
814 2413 885 2470 satis
913 2410 997 2470 lacile
1025 2408 1200 2488 plerumque
1229 2413 1433 2502 cognoscitur3

266 2509 317 2569 sed
342 2509 389 2568 alii
413 2510 605 2586 reperiuntur
629 2508 686 2568 loci
708 2527 784 2587 quos
807 2517 964 2587 corruptos
989 2525 1054 2568 esse
1074 2507 1215 2587 videmus,
1239 2527 1315 2586 quae
1334 2519 1431 2572 autem

266 2606 475 2685 Porphyrionis
508 2607 580 2686 sint,
614 2624 687 2683 quae
720 2624 735 2664 a
767 2609 933 2684 posteriore
966 2625 1054 2666 mauu
1087 2604 1183 2665 addita
1216 2608 1314 2666 minus
1347 2609 1431 2670 iacile

266 2705 418 2764 diiudices.
456 2702 539 2772 Quod
563 2713 598 2763 nt
620 2704 841 2765 demonstretur
861 2708 933 2765 satis
957 2713 1003 2764 est
1029 2721 1120 2764 unum
1140 2703 1245 2764 allerre
1264 2707 1431 2784 exemplum

267 2802 541 2862 luculentissimum.
587 2801 695 2862 Extant
718 2805 795 2861 enim
820 2803 854 2862 ad
880 2823 904 2863 c.
923 2799 1063 2880 1113,46
1086 2803 1117 2860 in
1141 2803 1252 2878 optimo
1277 2803 1379 2864 codice
1403 2806 1430 2864 M

267 2901 352 2960 haec:
376 2895 574 2960 ‘Gaditanum
598 2917 683 2959 mare
703 2899 816 2974 fretum
840 2906 1010 2977 significum
1034 2903 1104 2960 inde
1127 2902 1206 2959 enim
1230 2903 1365 2962 discerni
1387 2906 1430 2963 irr-

268 3001 384 3075 cipiunt
415 2998 541 3073 Europa
574 3005 603 3057 et
635 2994 754 3074 troya!
808 2999 937 3078 Apparet
969 2996 1071 3058 verba:
1105 2993 1303 3058 ‘Gaditanum
1334 3018 1433 3062 mure

264 3089 417 3171 fretum'
446 3113 505 3154 non
529 3113 594 3154 esse
619 3097 745 3175 integra,
774 3096 851 3174 qnod
877 3100 933 3156 iam
957 3099 979 3156 ii
1002 3103 1213 3175 cognoverant,
1243 3099 1294 3174 qui
1317 3105 1433 3158 ceteros

268 3193 385 3254 codices
412 3192 624 3271 Porphyrionis
651 3212 673 3251 s.
702 3191 765 3250 xlv
793 3203 823 3253 et
850 3193 900 3253 XV
928 3197 1125 3274 scripserunt,
1158 3211 1225 3254 curn
1259 3194 1432 3255 vocabulum

268 3286 380 3352 ‘mure’
391 3290 536 3368 glossema
546 3293 749 3351 existimantes
764 3291 798 3351 ad
814 3293 842 3351 id
856 3293 934 3372 quod
946 3295 1081 3372 sequitur
1091 3287 1240 3367 ‘fretum',
1255 3295 1432 3356 omisissent.

267 3390 343 3449 Tum
362 3386 575 3449 Hauthalius
598 3390 630 3448 in
653 3388 796 3450 editione:
820 3385 917 3450 ‘mure
936 3385 1039 3468 <sioe>
1059 3384 1199 3463 fretum’,
1222 3388 1383 3468 Meyerus
1401 3397 1431 3452 in

269 3488 409 3547 editione:
433 3481 532 3545 ‘more
550 3481 622 3564 (et)
640 3483 779 3560 fretum',
802 3486 955 3566 Paulyus
974 3480 1076 3568 (1876
1091 3503 1119 3562 p.
1136 3478 1206 3568 16):
1229 3481 1326 3548 ‘mure
1344 3485 1433 3570 (cet)

265 3579 395 3660 fretum'
419 3582 609 3642 scribendum
633 3592 824 3664 putaverunt3
849 3584 900 3643 sed
920 3602 971 3643 eos
990 3583 1087 3643 locum
1107 3600 1165 3641 non
1185 3585 1356 3646 emendasse
1375 3590 1433 3648 iam

269 3701 374 3742 seosns
407 3681 502 3742 docet.
557 3679 678 3740 Rectius
711 3682 815 3741 iecisse
848 3683 984 3743 videntur
1018 3683 1069 3760 qui
1100 3681 1226 3742 altorum
1259 3685 1432 3746 vocabulum

269 3780 417 3840 inferioris
446 3780 550 3838 aetatis
578 3779 807 3839 additamentum
832 3780 888 3838 rati
912 3779 1077 3839 eiciendum
1101 3788 1290 3840 censuerunt.
1337 3783 1432 3861 Atque

270 3869 580 3958 Petschenigius³)
608 3895 708 3936 vocem
737 3873 875 3952 ‘fretum'
903 3885 936 3936 ut
963 3876 1090 3954 glossam
1113 3878 1303 3955 marginalem
1327 3879 1433 3941 deinde

270 3978 299 4034 in
332 3974 543 4053 Porphyrionis
581 3974 713 4034 scholion
746 3985 894 4054 receptam
927 3973 1083 4033 tollendam
1116 3973 1276 4035 arbitratus
1309 3985 1368 4058 est,
1404 3991 1433 4038 at

269 4079 371 4132 contra
395 4066 518 4152 Urba⁴)
547 4091 604 4132 non
633 4071 760 4153 dubitat,
789 4076 860 4151 quin
888 4071 1010 4134 verhum
1034 4067 1151 4134 ‘mure'
1175 4091 1229 4150 pro
1257 4073 1431 4152 glossemate

361 4237 385 4306 l)
404 4235 445 4290 cf.
466 4235 573 4288 Petsch.
595 4240 671 4302 1873,
690 4253 716 4304 p.
737 4241 777 4289 11.

359 4315 387 4380 2)
406 4313 446 4370 cf.
465 4314 575 4369 Petsch.
596 4320 672 4378 1872,
693 4334 719 4384 p.
741 4321 782 4370 18.

359 4399 386 4467 3)
406 4396 476 4463 Eph.
495 4411 588 4463 gymn.
607 4396 699 4450 Austr.
720 4400 796 4466 1879,
815 4416 842 4466 p.
861 4401 921 4450 804.

359 4475 422 4548 t)1.
443 4493 465 4531 c.
484 4494 511 4544 p.
531 4478 573 4528 26.
