3162 5238
616 419 853 487 -157-

153 597 247 683 ‘qaod
267 607 349 668 altra
373 605 508 667 Charisii
530 611 659 667 aetatem
676 607 827 682 progredi
844 598 1056 668 aoa'iicaerit'
1077 607 1175 687 specie
1195 604 1321 686 quadam

152 705 262 766 doloris
285 714 398 766 vacant.

241 802 298 863 Sed
323 823 360 864 ne
385 812 498 865 temere
522 803 558 864 de
582 800 695 862 Urbae
720 805 867 865 sententia
890 804 1022 866 iudicare
1048 805 1211 885 videamur,
1239 823 1322 884 prae-

154 904 255 962 sertim
281 921 348 963 cum
373 923 388 963 a
413 902 561 965 nonnullis
580 901 715 961 videatur
734 898 980 987 acceptaessel),
1004 904 1193 964 fundamenta
1214 903 1322 982 quibus

153 999 200 1060 illa
225 1002 331 1061 nititur
355 1004 523 1063 accuratius
545 1001 739 1078 inspiciamus
763 1009 793 1060 et
816 1004 1018 1063 examinemus
1042 1021 1164 1063 necesse
1188 1009 1241 1061 est.

241 1095 309 1175 §a
347 1099 437 1160 Urba
467 1119 535 1161 cum
562 1101 698 1177 inprimis
727 1099 931 1161 demonstrare
955 1101 1089 1163 studeret
1111 1099 1189 1161 baud
1213 1117 1322 1178 paucas

154 1215 253 1278 voces,
278 1217 353 1276 quae
378 1207 478 1259 extant
501 1201 532 1258 in
556 1197 768 1280 Porphyrionis
792 1202 1026 1280 commentariis,
1055 1199 1169 1276 volgari
1193 1200 1323 1259 sermoni

152 1297 326 1358 tribuendas
355 1316 434 1378 esse,
462 1297 491 1356 id
521 1296 599 1375 quod
630 1299 655 1356 ei
679 1314 782 1355 revera
806 1291 977 1379 contigit2),
1005 1301 1035 1358 iu
1060 1298 1150 1358 altera
1175 1315 1323 1357 commen-

152 1399 273 1458 tationis
301 1415 370 1457 suae
394 1405 478 1475 parte
502 1414 606 1474 magna
631 1393 782 1472 diligentia
806 1394 1028 1456 observationes
1052 1396 1220 1475 lexilogicas
1245 1415 1322 1456 com-

152 1497 258 1575 posuit.
311 1493 352 1553 hc
384 1495 514 1572 primum
546 1491 666 1572 quidem
700 1510 787 1553 voces
819 1492 937 1573 collegit
966 1514 1039 1574 quas
1067 1497 1131 1573 ipse
1159 1493 1323 1572 Porphyrio

152 1593 267 1672 vulgari
290 1594 421 1651 sermoni
445 1591 595 1672 adtribuit,
622 1588 731 1669 quibus
755 1589 826 1650 alias
849 1609 937 1652 voces
961 1593 1163 1672 dictionesque
1188 1594 1324 1674 asseruit,

152 1708 225 1770 quas
256 1709 310 1750 suo
339 1690 471 1770 periculo
501 1691 630 1750 sermoni
658 1687 773 1767 plebeio
802 1708 861 1749 non
890 1692 953 1750 sine
982 1690 1323 1771 aliquaprobabilitatis

153 1790 252 1868 speeie
281 1787 373 1848 tribui
400 1805 488 1866 posse
517 1785 677 1847 arbitratus
706 1778 792 1867 ost.³)
839 1785 951 1848 Deinde
980 1807 1030 1850 eas
1058 1790 1208 1866 congessit
1236 1788 1322 1849 adno-

152 1888 278 1946 tationes
302 1885 552 1965 porphyrionem,
580 1903 596 1944 e
625 1883 733 1962 quibus
762 1883 872 1963 aliquid
898 1888 1036 1948 concludi
1059 1905 1146 1966 posse
1171 1885 1323 1947 videretur

152 1984 187 2044 ad
203 1986 475 2062 pronuntiationem
490 1983 535 2044 vel
549 1983 702 2054 historiam
713 1981 873 2042 verborum
884 1987 1070 2062 quorundam
1080 1987 1322 2065 cognoscendam.

153 2084 296 2163 Sequitur
328 2085 511 2144 enumeratio
545 2100 645 2142 earum
678 2099 784 2140 vocum
818 2100 889 2160 quas
919 2083 1048 2162 Georges
1081 2086 1111 2143 in
1145 2085 1237 2144 lexico
1268 2103 1322 2144 suo

153 2175 323 2266 neglexit4),
343 2201 468 2260 quarum
487 2181 644 2260 plerasque
658 2197 713 2258 pro
730 2175 876 2239 ‘terminis
891 2177 1048 2242 technieis'
1063 2185 1322 2260 grammaticorum

153 2299 219 2340 esse
237 2279 387 2340 habendas
407 2280 488 2340 dixit.
525 2278 586 2338 lam
604 2277 731 2339 contulit
751 2297 825 2356 quae
840 2278 1052 2359 Porphyrionis
1067 2272 1151 2355 ἅπαξ
1167 2275 1322 2360 εἰρημένα

152 2397 217 2438 esse
251 2381 380 2454 censuit,
414 2397 488 2457 quae
521 2395 608 2437 voces
641 2376 775 2437 insolitas
803 2378 833 2436 in
861 2376 1074 2457 Porphyrionis
1102 2380 1323 2440 commentariis

153 2486 287 2556 repertas
311 2478 396 2556 sequi
419 2478 515 2557 iussit,
540 2493 664 2554 quarum
689 2474 844 2534 nonnullas
868 2475 902 2534 ad
927 2475 1138 2556 Porphyrionis
1162 2477 1322 2538 dictionem

153 2576 364 2636 aestimandam
387 2577 511 2653 eiusque
536 2580 661 2634 aetatem
681 2572 877 2633 definiendam
897 2573 974 2632 haud
994 2577 1077 2653 parvi
1096 2578 1239 2635 momenti
1258 2594 1323 2636 esse

152 2674 257 2735 credit.
307 2673 384 2733 Alias
413 2672 518 2733 deinde
548 2671 769 2732 observationes
797 2670 909 2730 addidit
936 2672 971 2731 ad
999 2672 1158 2734 verborum
1187 2675 1322 2753 syntaxin

153 2780 183 2832 et
206 2774 351 2832 sermonis
370 2770 585 2850 Porphyrionei
603 2771 801 2848 proprietates
820 2771 1012 2850 pertinentes,
1036 2771 1144 2850 quibus
1164 2773 1322 2850 praecipue

153 2869 320 2930 Africanam
344 2869 556 2948 Porphyrionis
579 2869 723 2946 originem
748 2867 937 2947 comprobari
959 2876 1052 2947 putat.

242 2966 305 3045 §a
340 2967 396 3027 Sed
422 2969 480 3026 iam
503 2965 581 3025 illam
608 2965 766 3026 verborum
790 2965 1004 3046 supellectilem
1023 2966 1058 3027 ab
1074 2967 1152 3029 Urba
1171 2970 1323 3029 collectam

152 3065 378 3144 perlustremus.
422 3064 461 3124 Et
487 3066 616 3143 primum
646 3065 763 3144 quidem
793 3064 914 3125 dubium
944 3083 1009 3126 csse
1038 3084 1096 3126 non
1124 3075 1223 3146 potest
1251 3068 1321 3147 quin

155 3183 190 3223 ex
224 3163 344 3224 vocibus
377 3163 491 3242 vulgari
526 3166 655 3224 sermoni
688 3163 855 3224 tribuendis
882 3171 971 3242 atque
999 3183 1034 3223 ex
1064 3166 1106 3224 eis
1136 3183 1209 3243 quae
1238 3155 1323 3237 ἅπαξ

153 3256 310 3343 εἰρημένα
334 3262 474 3321 dicuntur
498 3261 533 3320 ad
557 3268 683 3320 aetatem
705 3261 915 3341 Porphyrionis
939 3262 1136 3322 deliniendam
1159 3261 1232 3321 nihil
1256 3261 1323 3321 elici

153 3362 248 3439 possit
279 3378 376 3438 neque
409 3378 484 3438 quae
516 3360 653 3437 sequenti
685 3360 867 3438 paragrapho
900 3362 1092 3420 continentur
1125 3358 1159 3419 ad
1192 3367 1323 3420 nostram

153 3461 355 3537 quaestionem
375 3459 533 3536 pertinent.
568 3456 599 3516 Si
619 3456 761 3535 reliquam
782 3457 939 3517 verborum
959 3457 1066 3516 molem
1080 3456 1325 3537 contemplamur,

153 3555 238 3616 facile
253 3565 375 3635 apparet
390 3573 528 3632 maguum
541 3556 639 3614 inesse
654 3573 812 3615 numerum
827 3572 930 3615 eorum
942 3572 1016 3633 quae
1028 3554 1169 3614 Graecam
1179 3557 1322 3633 originem

153 3664 255 3733 aperte
278 3672 350 3732 prac
374 3671 405 3712 se
429 3653 538 3712 ferunt.
580 3652 656 3712 Sunt
679 3661 778 3714 autem
801 3654 887 3714 haec:
915 3648 1182 3734 ‘*allegoricos,
1207 3652 1323 3714 *anti-

154 3753 292 3833 theton,
319 3750 505 3830 *aphelos‚
529 3749 742 3833 *archaeus,
770 3752 989 3830 aretaloguS‚
1017 3755 1173 3830 auxesis,
1197 3750 1322 3811 *caco-

153 3850 269 3930 zelon,
297 3850 613 3922 characterismos,
641 3868 784 3931 coccyx,
813 3851 919 3930 cylix,
947 3849 1135 3929 diaeresis,
1170 3848 1323 3930 dilogos,

154 3949 301 4029 diplois,
320 3949 553 4028 dramaticos,
572 3965 737 4028 energos,
751 3946 935 4027 *energia
951 3946 1228 4028 epanalempsis,
1249 3952 1323 4026 epi-

245 4148 272 4214 1)
291 4146 370 4200 volut
392 4143 541 4212 Teuffel,
565 4143 636 4198 Hiat.
660 4144 726 4200 Lito.
750 4144 849 4201 Rom.⁵
871 4165 898 4216 p.
918 4151 982 4212 9493
1011 4146 1045 4200 cf.
1071 4144 1156 4200 eliam
1180 4147 1323 4215 Schanz,

154 4223 227 4279 Hist.
247 4225 314 4280 Lice.
334 4225 413 4279 Rom.
433 4223 458 4277 lI
477 4242 504 4293 p.
524 4230 567 4278 93.

243 4305 272 4375 2)
291 4305 330 4358 cf.
350 4304 488 4374 Weyman
505 4304 536 4357 in
554 4304 711 4360 Woelfflini
731 4307 832 4360 Archio
851 4308 881 4362 T.
902 4305 927 4358 H
945 4325 972 4376 p.
992 4312 1052 4361 492.

244 4387 271 4454 3)
292 4383 333 4438 ef.
352 4401 423 4452 quae
443 4381 566 4452 Georges
585 4386 620 4440 ab
640 4386 716 4440 Urba
735 4385 838 4441 omissa
857 4384 1134 4442 commemorantia
1153 4387 1225 4442 Anu.
1245 4389 1323 4442 Burs.

156 4469 233 4532 1886,
252 4463 292 4517 ΙΙΙ
310 4483 337 4534 p.
358 4471 392 4518 42
404 4483 443 4534 sq.

244 4545 271 4614 4)
290 4543 330 4600 cf.
351 4545 475 4615 Georges
493 4547 513 4600 1.
532 4563 556 4602 e.
