3162 5238
153 588 352 667 alphabeticus
377 586 567 667 perturbatus
583 595 643 648 est.
681 586 772 647 Recte
792 585 920 665 denique
940 580 1173 670 Froehdius¹)
1194 605 1318 648 comme.

144 689 394 763 ,moravit'totnm
418 687 497 746 hunc
522 686 679 746 articulum
702 703 716 744 a
741 684 872 745 Romano
900 704 935 744 eu
954 683 1156 765 Porphyrione
1182 704 1247 746 esse
1271 705 1319 744 ex·

154 783 308 863 carptum,
330 802 397 844 cum
427 785 514 843 etiam
543 782 630 842 verba
654 781 866 862 Porphyrionis
889 801 997 844 nomen
1021 784 1223 844 antecedentia
1251 802 1319 844 cum

154 881 242 943 Festo
270 889 442 959 congruant.
489 880 590 960 ltaque
620 899 677 940 non
704 879 848 940 habemus
873 899 927 942 cur
950 880 1004 941 hio·
1022 882 1280 961 interpolationem
1304 900 1319 942 a

154 979 285 1040 Charisio
318 979 423 1040 iactam
457 997 620 1059 sumamus,
658 997 714 1057 qua
747 981 777 1038 in
801 997 843 1050 <re
877 981 902 1038 si
934 997 1001 1039 cum
1036 977 1201 1040 Schwabio-
1222 980 1319 1040 lacere

153 1078 306 1157 vellemuS,
335 1077 499 1138 Charisium
528 1079 589 1137 acri
617 1078 714 1136 animo
743 1085 772 1136 et
798 1084 910 1136 attento
938 1077 1013 1146 hanc
1037 1086 1152 1156 partem
1179 1079 1319 1138 intuitum

104 1161 109 1168 ¹
154 1194 219 1235 esse
238 1176 402 1255 putandum
421 1184 508 1256 esset,
532 1177 581 1235 cui
599 1177 643 1234 rei
662 1173 746 1235 licus
764 1173 813 1234 ille
833 1177 950 1253 saepius
970 1174 1105 1264 laudhtus
1125 1169 1167 1259 (p.
1178 1166 1320 1257 209,21)

154 1273 258 1334 obstat.
296 1273 373 1334 Satis
394 1276 485 1352 igitur
505 1274 723 1334 demonstrasse
743 1272 814 1332 mihi
834 1274 935 1332 videor
954 1272 1234 1354 Porphyrionem
1254 1275 1320 1333 iam

154 1370 193 1431 ab
217 1371 369 1432 Romano
394 1380 704 1432 commemoratum
728 1390 815 1432 esse.

220 1499 222 1505 2
242 1470 262 1546 ξ
280 1468 332 1531 47.
369 1468 449 1541 Quae
474 1490 541 1531 oum
565 1473 605 1531 ita
622 1462 693 1551 sint,
712 1472 879 1548 proximum
897 1479 952 1550 est,
976 1479 1009 1531 ut
1028 1471 1064 1530 de
1083 1470 1208 1531 Romani
1227 1477 1320 1529 aetate

155 1568 224 1649 quid
258 1568 446 1642 statuendum
480 1571 531 1651 sit,
564 1586 749 1648 quaeramus.
801 1565 892 1626 Cuius
925 1570 1108 1646 grammatici
1139 1585 1205 1626 cum
1235 1584 1321 1626 nemo

153 1675 271 1744 praeter
290 1661 458 1727 'Charisium
482 1668 662 1726 mentionem
685 1666 799 1746 iecerit,
822 1665 857 1724 ad
882 1683 915 1724 ea
939 1667 1120 1727 remittimur
1144 1683 1219 1744 quae
1243 1651 1322 1742 apud

154 1763 233 1824 hunc
265 1764 399 1844 legimus.
450 1764 571 1826 Constat
602 1767 693 1844 igitur
728 1763 834 1824 lulium
863 1762 1026 1824 Romanum
1060 1773 1126 1824 ante
1155 1762 1322 1823 Charisium

147 1851 251 1941 ¹neque
276 1865 408 1941 proxime
433 1862 488 1923 sub
512 1863 601 1924 buius
624 1870 759 1942 aetatem,
785 1870 930 1941 utsupra
955 1854 1181 1945 ostendimus2),
1205 1863 1321 1920 vixisse.

155 1959 256 2039 ltaque
285 1979 385 2021 errare
409 1961 485 2022 haud
511 1961 653 2040 videmur,
682 1962 708 2020 si
730 1959 893 2024 Romanum
918 1972 984 2022 ante
1009 1961 1159 2022 saeculum
1184 1968 1321 2039 quartum

156 2067 250 2118 aetate
274 2059 411 2120 iloruisse
435 2059 650 2120 contendimus.
688 2058 781 2118 Porro
806 2059 964 2141 videamus,
989 2061 1106 2139 quinam
1127 2061 1322 2137 scriptoresa

154 2155 286 2217 Romano
310 2158 393 2216 citati
415 2159 548 2236 proxime
573 2157 607 2216 ad
631 2156 719 2217 huius
743 2164 875 2235 tempora
899 2158 1048 2218 accedant.
1094 2156 1266 2235 Quanquam
1287 2157 1322 2216 de

157 2253 359 2333 compluribus
379 2273 437 2334 quo
457 2264 590 2335 tempore
610 2256 785 2334 scripserint
805 2254 877 2314 nihil
896 2258 972 2316 certi
991 2256 1131 2316 traditum
1151 2264 1204 2336 est,
1224 2265 1321 2315 tamon

155 2361 267 2432 extant,
301 2353 352 2430 qui
384 2350 506 2431 quibus¹
526 2352 587 2412 iere
620 2354 705 2412 annis
738 2355 826 2413 vitam
855 2355 1004 2433 degerint,
1037 2355 1136 2414 dicere
1165 2355 1321 2432 possimus.

92 2452 97 2464 '
157 2448 327 2510 Laudentur
354 2459 452 2510 autem
476 2469 491 2509 a
515 2450 646 2510 Romano
671 2459 788 2530 praeter
812 2451 921 2512 multos
944 2445 1047 2533 alios³)
1072 2452 1103 2512 C.
1128 2452 1322 2512 Suetonius

136 2541 422 2629 .Tranquillus⁴)
443 2556 473 2608 et
490 2547 526 2608 M.
546 2548 736 2610 Cornelius
756 2544 930 2632 trontoi),
951 2538 1171 2630 quorumalter
1191 2551 1226 2610 ab
1247 2569 1322 2610 anno

155 2647 216 2708 lere
237 2643 279 2708 ‘lb
302 2665 395 2726 usque
420 2647 456 2706 ad
479 2664 589 2707 annum
610 2645 674 2710 160
688 2668 715 2728 p.
731 2648 797 2710 Chr.
814 2668 851 2731 n.,
875 2649 949 2709 alter
973 2650 1008 2709 ab
1028 2668 1103 2709 anno
1124 2650 1243 2709 circiter
1260 2645 1323 2709 100

154 2763 249 2824 usque
278 2746 312 2805 ad
342 2764 450 2806 annum
483 2741 544 2806 175
573 2747 652 2806 vixit.
699 2746 810 2806 lleinde
838 2748 1029 2807 nominantur
1052 2746 1223 2826 Apuleius
1247 2746 1322 2805 Pla·

155 2837 330 2924 tonicus⁶)
360 2853 390 2903 et
418 2836 601 2927 Gellius⁷),
635 2862 709 2922 quos
738 2843 794 2905 sub
822 2863 932 2905 annum
961 2844 1022 2904 lere
1053 2842 1116 2905 130
1145 2852 1228 2904 natos
1257 2862 1321 2903 esse

155 2943 210 3000 viri
233 2940 311 3001 docti
336 2942 620 3002 demonstraverunt.
666 2940 816 3002 Habemus
839 2944 930 3021 igitur
954 2945 1138 3030 superiorem
1162 2945 1322 3004 terminum

54 3095 58 3104 .
155 3059 263 3100 annum
283 3040 354 3120 lere,
375 3059 432 3120 quo
451 3036 489 3100 Μ.
508 3038 644 3101 Aurelius
663 3041 825 3119 imperator
844 3041 901 3101 vita
921 3040 1079 3100 defunctus
1099 3050 1152 3121 est,
1176 3042 1193 3100 i.
1210 3059 1234 3100 e.
1253 3037 1322 3100 180.

155 3136 197 3196 Er
222 3137 330 3216 quibus
353 3140 544 3218 perspicuum
569 3146 614 3198 est
638 3136 744 3198 lulium
766 3137 928 3198 Romanum
954 3140 1041 3198 tertio
1065 3157 1094 3216 p.
1113 3137 1181 3198 Chr.
1205 3138 1322 3198 saeculo

155 3235 383 3296 adscribendum
407 3255 481 3297 esse.

243 3331 328 3410 §48
357 3333 416 3394 lam
433 3336 583 3394 veniamus
597 3334 633 3393 ad
648 3333 844 3395 definiendam
859 3337 953 3413 ipsius
963 3334 1175 3415 Porphyrionis
1188 3342 1322 3395 aetatem.

156 3429 209 3490 Hic
228 3430 342 3492 Horatii
362 3440 575 3492 commentator
594 3431 640 3492 bis
659 3431 758 3493 laudat
777 3452 837 3514 eos,
858 3442 891 3493 ut
911 3452 1000 3512 supra
1020 3435 1323 3513 commemoravimus,

155 3531 207 3609 qui
234 3529 270 3589 de
298 3533 434 3608 personis
458 3528 625 3590 Horatianis
654 3533 852 3612 scripserunt,
881 3540 911 3592 et
934 3526 1214 3614 liiesslingius⁸)
1245 3551 1322 3592 com·

155 3626 257 3704 plures
272 3626 482 3707 Porphyrionis
500 3627 581 3687 locos
601 3628 635 3689 ad
656 3629 774 3689 eosdem
795 3630 967 3691 referendos
982 3649 1047 3691 esse
1062 3640 1200 3692 arretores
1214 3632 1323 3690 docuit.

245 3809 271 3877 1)
290 3807 309 3862 l.
329 3824 350 3860 c.
371 3826 399 3877 p.
414 3811 473 3861 645.

244 3891 271 3958 2)
292 3887 332 3942 cf.
351 3887 433 3942 huius
452 3889 586 3958 disputat.
604 3909 632 3959 p.
654 3895 712 3946 190.

244 3973 271 4038 o)
290 3968 377 4024 Velut
398 3967 519 4023 Marcius
543 3970 692 4040 Salutaris,
717 3988 799 4040 quem
822 3972 897 4039 quod
919 3970 1072 4026 Froehdius
1095 3972 1114 4026 l.
1135 3991 1157 4027 c.
1179 3971 1324 4029 contendit

155 4049 275 4103 Romani
293 4048 439 4116 aequalem
457 4049 553 4118 luisse,
573 4067 627 4121 ego
644 4052 741 4118 miror,
762 4051 903 4122 cumipse
922 4051 1038 4107 dixisset
1057 4052 1213 4108 Salutarem
1232 4072 1250 4108 a
1267 4054 1322 4109 Ro-

155 4145 237 4184 mano
257 4130 346 4196 citari,
366 4144 399 4182 ex
419 4145 472 4198 quo
491 4128 521 4182 ni
538 4130 623 4185 fallor
642 4132 799 4186 Salutarem
818 4133 883 4186 ante
898 4131 1055 4186 Romanum
1073 4131 1175 4187 vixisse
1190 4134 1320 4201 sequitur.

245 4212 272 4279 4)
292 4208 332 4263 cf.
352 4209 423 4266 Keil.
442 4207 487 4265 Gr.
507 4209 536 4264 Ι..
557 4210 571 4263 Ι
587 4229 614 4280 p.
631 4215 690 4279 194,
709 4217 769 4278 eoo,
788 4216 848 4266 aco.

292 4370 332 4424 cf.
351 4369 455 4428 ibidem
473 4388 500 4439 p.
519 4376 579 4425 240.

291 4447 331 4504 cf.
350 4449 455 4505 ibidem
473 4469 501 4520 p.
519 4455 579 4506 139.
