3162 5238
622 453 662 460 -
715 417 771 478 171
823 453 862 459 --

159 600 194 660 ad
219 619 244 660 c.
266 599 278 658 1
304 597 331 679 7,
351 597 407 679 22,
434 599 470 658 ad
493 618 517 659 c.
541 593 704 677 1-15,31,
732 597 767 657 ad
792 617 815 656 c.
839 596 852 655 1
875 595 926 677 23,
946 592 979 676 5,
1007 596 1042 657 ad
1067 598 1095 658 S.
1119 595 1132 656 l
1155 593 1185 676 4,
1207 593 1263 678 79,
1286 596 1321 656 ad

159 698 212 776 Ep,
231 698 257 758 11
275 695 304 778 2,
319 696 369 759 81.

235 795 538 875 ,0313113Μ333133
561 795 620 855 duo
644 796 753 856 scholia
771 797 993 876 Porphyrionis
1017 814 1091 874 quae
1116 797 1146 854 in
1170 793 1323 854 codicibus

159 895 291 955 mutilata
315 904 392 975 3331,
416 914 452 954 ex
475 895 590 954 Acrone
609 895 632 954 A
657 895 774 956 refecit:
798 896 833 955 ad
857 893 937 956 clii
953 891 1002 973 16,
1018 892 1037 954 8
1062 900 1092 953 31
1110 889 1322 972 c.11119,22.

247 990 337 1070 §25
373 993 416 1054 Ex
441 996 477 1053 iis
501 1012 575 1073 quae
595 992 680 1054 311311
699 994 840 1074 exemplis
860 992 943 1054 facile
963 994 1101 1070 cognosci
1121 999 1227 1072 potest,
1249 1011 1323 1070 quac

158 1092 321 1152 intercedat
344 1092 418 1152 ratio
441 1093 519 1152 inter
541 1091 774 1172 Porphyrionem
797 1102 827 1154 ot
849 1094 995 1153 Aaronem
1014 1091 1045 1150 A.
1083 1089 1194 1170 Restat,
1218 1100 1251 1150 31
1272 1109 1323 1150 333

158 1190 238 1251 13333
267 1190 383 1269 addam,
410 1189 462 1250 ubi
489 1191 564 1249 Acro
588 1190 611 1249 A
634 1191 845 1271 Porphyrionis
869 1191 1088 1251 commentariis
1116 1189 1213 1267 aliquo
1237 1189 1323 1248 modo

158 1307 230 1348 3333
254 1307 319 1348 3333
342 1287 415 1348 mihi
437 1287 563 1366 videtur,
587 1308 661 1367 quos
685 1291 803 1368 quidem
824 1310 913 1369 snpra
933 1289 1063 1349 nondum
1082 1290 1323 1351 commemoravi:

159 1388 194 1448 ad
223 1407 247 1447 c.
271 1387 284 1446 1
309 1383 359 1468 10,
386 1384 438 1466 17,
469 1383 518 1467 15,
541 1383 597 1466 31,
627 1385 666 1448 17
691 1391 744 1469 13,
774 1387 823 1467 18,
847 1386 880 1469 9,
909 1385 959 1468 20,
983 1383 1016 1468 5,
1044 1384 1086 1448 22
1111 1389 1163 1467 13,,
1192 1384 1243 1468 22,
1269 1383 1323 1467 13,

158 1481 400 1568 25,6,,25,11,
418 1481 460 1546 28
481 1487 533 1565 13,,
552 1483 604 1565 28,
620 1483 653 1568 9,
673 1484 714 1547 29
734 1490 786 1568 13,,
806 1484 928 1567 29,14,
947 1483 998 1566 29,
1016 1481 1069 1566 15,
1088 1482 1130 1546 30
1150 1487 1202 1565 13,,
1222 1483 1273 1565 30,
1289 1481 1323 1566 5,

158 1582 209 1664 30,
225 1583 258 1665 7,
281 1582 395 1664 3113,
418 1579 470 1662 31,
494 1580 527 1662 3,
551 1580 602 1664 31,
618 1582 649 1665 7,
675 1582 726 1666 31,
741 1582 775 1666 9,
799 1581 921 1664 31,10,
945 1580 1059 1665 3213,
1083 1581 1134 1664 32,
1149 1577 1183 1663 5,
1206 1579 1322 1662 3313,

157 1681 275 1763 3413,
299 1679 350 1762 34,
367 1679 420 1762 10,
444 1676 566 1762 35,17,
589 1679 640 1761 36,
656 1680 690 1762 8,
714 1680 764 1762 37,
780 1680 813 1763 2,
836 1679 955 1761 3813,
979 1681 1014 1740 ad
1038 1699 1062 1740 3.
1082 1679 1109 1740 11
1125 1679 1152 1761 1,
1168 1677 1201 1758 3,
1225 1678 1245 1741 2
1270 1682 1323 1759 13,

157 1779 261 1861 2,11,
289 1777 393 1862 2,17,
422 1776 450 1860 7,
470 1776 503 1859 6,
533 1777 560 1859 7,
579 1777 635 1860 22,
659 1779 678 1842 8
702 1783 755 1862 13,,
787 1778 905 1860 11,22,
931 1777 980 1858 11,
995 1775 1051 1859 23,
1078 1775 1175 1858 12,7,
1201 1774 1251 1856 13,
1266 1775 1322 1859 23,

159 1877 208 1958 13,
228 1876 283 1959 26,
314 1877 363 1958 14,
381 1874 416 1958 4,
446 1874 562 1958 1513,
593 1874 717 1959 15,17,
747 1876 873 1962 16,11,
899 1875 949 1958 16,
971 1872 1024 1956 19,
1049 1874 1099 1957 16,
1119 1873 1174 1956 22,
1199 1872 1248 1955 17,
1272 1872 1324 1957 19,

159 1975 199 2038 18
228 1979 280 2057 13,
310 1973 360 2056 18,
384 1973 440 2056 26,
469 1973 518 2057 18,
540 1973 595 2057 38,
625 1974 665 2038 19
694 1979 746 2057 13,,
777 1975 826 2058 19,
847 1973 879 2055 7,
910 1972 959 2056 19,
979 1971 1013 2054 9,
1044 1971 1167 2056 19,17,
1199 1971 1323 2055 19,18,

159 2073 208 2155 19,
223 2072 279 2155 29,
306 2072 353 2154 19,
369 2071 424 2154 30,
448 2071 570 2155 20,16,
594 2075 628 2134 ad
653 2095 677 2136 c.
697 2074 737 2134 111
756 2075 781 2155 1,
797 2073 830 2155 2,
852 2071 950 2154 1,16,
977 2069 1074 2153 1,17,
1099 2070 1127 2151 1,
1142 2069 1197 2152 21,
1222 2071 1250 2150 1,
1266 2070 1321 2153 37,

157 2171 255 2254 2,17,
281 2170 368 2249 313,
392 2168 421 2250 3,
435 2168 491 2251 46,
515 2168 544 2252 3,
559 2170 614 2253 61,
637 2171 716 2255 4,9,
739 2173 769 2255 4,
786 2172 841 2255 14,
862 2171 891 2253 4,
906 2169 962 2252 20,
981 2167 1082 2251 4,21,
1101 2167 1131 2251 4,
1146 2168 1204 2252 41,
1222 2169 1252 2248 4,
1266 2169 1323 2252 42,
1447 2199 1457 2218 ο

157 2270 187 2349 4,
202 2267 258 2351 33,
282 2241 374 2350 313,,
397 2265 497 2350 5123
522 2266 622 2352 5133
646 2268 675 2352 3,
692 2270 746 2353 3,
765 2270 795 2351 3,
812 2269 866 2352 153
885 2268 914 2350 3,
929 2267 985 2350 aa,
1005 2265 1034 2350 5,
1049 2266 1104 2349 33,
1124 2265 1224 2350 313
1244 2267 1273 2350 3,
1289 2267 1322 2352 o,

158 2367 186 2449 7,
206 2366 239 2444 6,
269 2364 372 2447 7,10,
402 2364 505 2446 7,16,
534 2364 637 2449 7,19,
666 2368 694 2451 8,
715 2368 770 2453 25,
798 2369 895 2451 913,
928 2366 1042 2448 1013,
1068 2365 1118 2448 10,
1141 2363 1194 2448 15,
1221 2367 1269 2450 11,
1291 2366 1323 2450 1,

159 2466 208 2548 11,
225 2465 279 2547 11,
301 2463 350 2544 11,
364 2461 420 2544 25,
441 2462 491 2543 11,
507 2463 562 2545 31,
584 2465 624 2527 12
638 2470 677 2527 in.
715 2467 762 2551 12,
778 2469 812 2550 3,
833 2467 883 2550 12,
898 2465 932 2548 5,
953 2465 1003 2546 12,
1018 2464 1051 2546 8,
1073 2464 1122 2546 13,
1140 2464 1195 2547 13,
1214 2464 1323 2550 1413,

159 2563 284 2646 16,13,
315 2561 353 2624 17
379 2565 431 2643 13,,
461 2560 501 2624 19
530 2565 582 2645 13,,
611 2563 653 2627 20
680 2569 733 2648 13,,
762 2565 814 2646 20,
832 2566 866 2648 6,
894 2563 1021 2647 20,11,
1049 2562 1100 2644 21,
1119 2561 1176 2645 22,
1204 2562 1322 2648 2213,

157 2661 199 2725 23
223 2660 423 2744 1332413,
452 2657 503 2742 24,
523 2658 556 2740 5,
585 2661 636 2742 24,
655 2662 711 2745 36,
739 2663 790 2741 24,
809 2664 867 2747 42,
894 2663 946 2745 24,
966 2660 1021 2745 52,
1050 2661 1102 2740 24,
1121 2658 1179 2742 54,
1204 2660 1246 2724 25
1270 2667 1322 2746 13,,

157 2758 207 2841 25,
230 2760 282 2842 14,
306 2756 432 2840 25,18,
456 2755 507 2841 25,
527 2757 582 2839 20,
606 2759 646 2822 27
671 2765 724 2844 13,
748 2762 799 2845 27,
819 2763 874 2844 34,
899 2761 950 2842 27,
969 2759 1026 2842 37,
1049 2758 1101 2839 27,
1119 2759 1176 2842 40,
1200 2759 1251 2842 27,
1265 2760 1321 2843 49,

157 2857 209 2940 27,
224 2857 279 2939 58,
298 2856 350 2939 27,
365 2855 421 2938 71,
440 2856 492 2938 28,
506 2856 540 2940 4,
560 2857 801 2942 28,5,,28,13,
821 2860 931 2941 2913,
950 2857 1002 2940 29,
1018 2857 1051 2939 6,
1071 2856 1122 2939 29,
1134 2858 1189 2941 34,
1205 2857 1255 2939 29,
1265 2859 1322 2942 45,

157 2956 209 3032 20,
228 2955 283 3038 57,
306 2955 358 3037 30,
380 2955 434 3036 12,
462 2955 496 3016 ad
521 2975 546 3018 c.
569 2956 605 3016 IV
626 2956 653 3038 1,
673 2957 706 3040 6,
731 2946 763 3038 Ι1,
783 2957 816 3041 9,
842 2958 870 3040 1,
890 2957 944 3040 20,
969 2956 997 3037 1,
1016 2955 1073 3039 37,
1096 2955 1116 3019 2
1140 2961 1192 3039 13,
1218 2957 1321 3041 2,19,

156 3055 186 3137 4,
205 3054 261 3137 27,
294 3053 322 3136 6,
342 3051 398 3135 35,
431 3052 460 3134 6,
479 3051 534 3136 39,
567 3053 595 3133 8,
615 3053 648 3136 9,
681 3054 785 3138 8,11,
818 3054 926 3138 313,
959 3053 1067 3138 8,18,
1101 3053 1121 3116 9
1149 3059 1202 3137 13,,
1235 3055 1263 3138 9,
1289 3056 1321 3139 7,

157 3153 235 3236 9,9,
258 3152 362 3235 9,11,
386 3151 415 3233 9,
435 3150 491 3234 37,
517 3150 566 3234 11,
585 3150 641 3235 25,
665 3151 715 3233 12,
734 3152 767 3234 3,
793 3153 842 3235 13,
862 3150 896 3236 5,
921 3152 971 3236 13,
991 3153 1025 3235 6,
1052 3153 1100 3234 14,
1119 3152 1175 3236 39,
1201 3154 1322 3238 14,42,

159 3249 208 3334 15,
223 3251 257 3333 3,
282 3248 332 3332 15,
351 3250 379 3312 6.
1147 3241 1155 3250 ”

245 3347 334 3427 326,
371 3348 465 3409 Docui
488 3368 574 3428 quam
598 3369 685 3429 33333
705 3352 781 3411 Acro
801 3353 822 3412 A
846 3354 877 3411 13
901 3351 1113 3430 componendis
1133 3353 1321 3429 expositioni-

158 3449 213 3510 bus
236 3450 298 3508 snis
321 3447 531 3527 Porphyrionis
560 3451 786 3508 commentarios
814 3447 982 3510 adhibuerit
1008 3459 1037 3510 31
1061 3467 1228 3528 quanquam
1252 3469 1320 3511 con·

158 3546 321 3606 cedendum
341 3545 469 3604 33111133
488 3548 602 3624 integra
619 3545 831 3625 Porphyrionis
849 3545 938 3607 verba
957 3565 1016 3607 non
1036 3565 1154 3626 semper
1173 3546 1321 3628 exhibere,

157 3654 255 3706 tamen
279 3646 329 3723 qui
353 3647 496 3704 rationem
520 3653 608 3723 atque
633 3653 767 3706 naturam
791 3645 906 3706 iliarum
931 3647 1126 3706 mutationum
1151 3653 1231 3705 recte
1254 3664 1320 3723 per-

157 3744 296 3822 spexerit,
319 3760 438 3820 sperare
463 3749 560 3821 potest
579 3761 611 3803 33
630 3744 739 3821 aliquid
762 3745 964 3824 proiecturum
984 3763 1048 3804 3333
1069 3744 1104 3803 ad
1124 3743 1321 3803 emendandos

156 3840 368 3920 Porphyrionis
392 3841 618 3900 commentarios
641 3841 762 3902 scholiis
785 3845 910 3903 Acronis
933 3843 956 3902 A
980 3840 1127 3903 adhibitis.
1169 3840 1240 3900 Nam
1265 3841 1321 3901 hoc

157 3941 259 4017 negari
278 3956 336 3998 non
356 3944 453 4016 potest
472 3939 674 4000 recensionem
696 3942 758 4002 cod.
774 3941 797 4000 A
812 3941 847 4000 ad
867 3943 1021 4018 pristinam
1041 3941 1320 4001 commentariorum

156 4037 280 4097 formam
306 4054 393 4114 quam
418 4038 550 4115 proxime
574 4038 728 4116 accedere,
756 4041 865 4117 quippe
890 4057 964 4118 quae
988 4056 1022 4097 co
1046 4046 1179 4117 tempore
1203 4038 1320 4099 iliorum

157 4133 347 4194 fundamento
362 4141 566 4211 superstructa
581 4137 627 4214 sit,
647 4155 706 4214 qno
721 4137 852 4196 nondum
866 4137 1076 4215 Porphyrionis
1093 4140 1320 4197 commentarios

156 4231 329 4310 depravatos
357 4249 422 4291 3333
450 4232 612 4311 putandum
641 4244 693 4294 331.
740 4232 781 4294 Ea
809 4237 888 4295 enim
918 4253 991 4314 quae
1020 4235 1097 4314 apud
1125 4236 1270 4295 Aaronem
1297 4236 1319 4294 A

156 4329 367 4409 Porphyrionis
396 4340 478 4411 sunt,
506 4348 564 4390 non
592 4332 648 4391 nisi
677 4330 713 4391 ab
741 4335 805 4410 ipso
829 4334 943 4394 Acrone
966 4336 989 4393 A
1014 4352 1048 4394 eo
1074 4352 1132 4412 quo
1157 4352 1246 4412 supra
1270 4333 1319 4393 de-

157 4429 383 4488 monstravimus
417 4428 502 4488 modo
535 4437 645 4490 mutata
678 4431 828 4512 videntur,
861 4439 893 4491 31
926 4449 958 4490 33
993 4449 1079 4509 quam
1107 4430 1320 4509 Porphyrionis

156 4527 358 4587 commentarii
388 4528 467 4605 passi
495 4534 564 4588 3331
588 4531 741 4608 corruptio
765 4531 796 4590 in
819 4529 877 4590 iilis
896 4547 954 4590 non
974 4532 1148 4591 inveniatur.
1187 4529 1321 4592 Pendeat
