3162 5238
651 401 889 464 -187—

270 581 360 660 541.
401 581 561 661 Postquam
589 583 680 661 igitur
710 582 906 662 ostendimus,
935 583 960 642 si
987 585 1113 661 priscam
1138 581 1349 662 Porphyrionis

182 683 460 742 commentariorum
480 680 603 741 formam
623 683 781 742 restituere
801 679 944 760 volumus,
964 681 1093 759 primum
1107 680 1350 760 interpolationes

183 782 313 841 virorum
332 780 488 841 doctorum
507 786 537 839 et
551 778 737 840 indoctorum
752 797 817 839 esse
832 778 989 861 eiciendas,
1008 778 1114 840 deinde
1129 779 1264 840 codicum
1285 797 1349 840 cor·

181 878 312 958 ruptelas
322 895 388 939 esse
398 876 604 957 emendandas,
615 885 764 956 postremo
775 886 918 957 quantum
926 885 1023 957 potest
1033 878 1098 938 deri
1105 877 1226 938 lacunas
1235 879 1350 939 incuria

182 986 269 1056 etque
280 977 462 1056 neglegentia
473 977 731 1056 consarcinatoris,
742 984 774 1036 ut
783 978 823 1036 ita
834 976 938 1057 dicam,
949 985 1028 1036 ortas
1038 975 1196 1055 explendas
1207 993 1281 1058 esse,
1294 977 1350 1038 hoc

183 1071 266 1136 facile
282 1076 408 1155 quisque
423 1073 507 1134 nobis
523 1073 665 1134 concedet
680 1084 742 1135 tum
755 1071 883 1154 demum,
898 1073 950 1134 irbi
959 1075 1107 1153 integrum
1117 1072 1349 1154 Porphyrionem

183 1175 385 1252 refecerimus,
404 1189 438 1232 ex
458 1171 581 1232 vocibus
600 1190 615 1232 a
635 1181 866 1233 commentatore
880 1171 1003 1252 prolatis
1017 1171 1127 1249 aliquid
1143 1173 1269 1234 fortasse
1283 1173 1350 1234 cilci

183 1290 268 1352 posse
283 1272 319 1332 ad
334 1273 399 1331 eius
413 1278 537 1331 aetatem
552 1271 758 1332 definiendam.
783 1270 840 1332 Sed
855 1288 923 1330 cnm
938 1269 1012 1330 nihil
1022 1271 1134 1331 certius
1144 1272 1183 1331 sit
1193 1289 1281 1350 quam
1295 1272 1350 1332 hoc

183 1357 1351 1451 nubquamprorsusinintegrumPorphyrionemrestitutumiri,sermonispro-

182 1471 322 1548 prietates
345 1469 416 1547 quin
434 1485 489 1546 pro
508 1469 598 1527 certis
618 1466 744 1528 ducibus
763 1466 923 1528 habeamus
942 1467 1008 1527 lieri
1027 1485 1085 1527 non
1105 1475 1211 1545 potest.
1248 1468 1350 1548 ltaque

183 1565 255 1627 nibil
270 1573 361 1626 restat
376 1566 434 1626 nisi
448 1573 480 1626 nt
495 1582 570 1625 nova
584 1574 756 1644 argumenta
771 1568 966 1647 extrinsecus,
984 1575 1018 1626 ut
1032 1567 1072 1626 ita
1087 1565 1191 1646 dicam,
1206 1575 1351 1647 petamus,

183 1663 291 1744 quibus
310 1665 371 1724 nixi
390 1680 449 1742 quo
468 1672 601 1742 tempore
616 1663 779 1744 Porphyrio
799 1666 905 1725 vixerit
924 1664 1049 1724 tortasse
1068 1681 1174 1724 eruere
1194 1659 1350 1743 possimus.

270 1759 356 1839 §42
385 1761 426 1820 Ac
439 1761 567 1839 primum
583 1761 703 1839 quidem
718 1770 866 1824 extremos
876 1761 1088 1842 Porphyrionis
1102 1763 1192 1824 aetati
1208 1765 1350 1823 terminos

183 1879 334 1940 ponamus.
380 1857 578 1930 Quamobrem
606 1862 769 1938 scriptores
797 1861 834 1922 ab
862 1864 926 1940 ipso
951 1860 1060 1920 laudati
1083 1863 1135 1939 qui
1157 1863 1291 1940 proxime
1314 1861 1349 1921 ad

182 1959 393 2038 Porphyrionis
427 1967 558 2035 tempora
590 1958 736 2020 accedunt
767 1960 925 2039 indagandi
956 1969 1033 2020 stunt.
1084 1959 1160 2020 Sunt
1191 1959 1222 2020 hi
1252 1969 1351 2021 autem

182 2057 215 2128 Q.
236 2057 428 2117 Terentius
452 2053 622 2131 Scaurus,
648 2059 734 2118 cuius
761 2057 847 2118 verba
867 2057 1031 2137 Porphyrio
1054 2058 1089 2117 ad
1110 2056 1203 2119 Serm.
1223 2055 1351 2139 115‚92

183 2154 302 2215 exhibet
321 2163 352 2214 et
366 2153 396 2214 C.
412 2152 607 2213 Suetonius
626 2153 875 2238 Tranquillus,
894 2175 982 2236 quern
997 2157 1081 2216 initio
1097 2157 1221 2217 secundi
1239 2158 1350 2235 epistu-

184 2254 276 2314 larum
295 2250 364 2312 libri
383 2259 602 2312 commemorat.
634 2252 767 2323 Quorum
787 2255 862 2316 alter
876 2254 968 2316 Gellio
984 2263 1059 2316 teste
1068 2246 1093 2337 ¹)
1108 2249 1184 2314 ‘dioc'
1196 2256 1354 2317 Hadriani

183 2353 365 2428 temporibus
382 2353 603 2426 psammeticus
622 2355 670 2411 oet
684 2349 900 2415 nobilissimos'
916 2354 981 2434 luit,
1000 2351 1075 2413 alter
1089 2350 1125 2412 ab
1140 2369 1216 2412 anno
1232 2354 1294 2413 lere
1310 2351 1352 2416 70

183 2467 276 2528 usque
305 2447 340 2507 ad
369 2464 478 2507 annuum
508 2443 572 2507 160
601 2449 678 2508 vixit.
725 2449 875 2512 Habemus
902 2453 994 2530 igitur
1017 2460 1148 2529 tempus,
1176 2458 1243 2511 ante
1273 2449 1350 2531 quod

183 2546 393 2627 Porphyrionis
415 2552 539 2605 aetatem
559 2563 669 2623 ponere
689 2567 748 2608 non
767 2567 935 2627 possumus.
972 2549 1031 2610 lam
1051 2549 1086 2609 ad
1107 2548 1232 2610 alterum
1252 2551 1351 2610 termi-

184 2665 254 2706 num
282 2642 482 2705 deliniendum
510 2650 703 2707 transeamus.
750 2647 837 2709 Extat
866 2647 1022 2709 Charisii
1050 2649 1234 2726 grammatici
1260 2647 1352 2729 locus,

8 2753 9 2822 ἦ
87 2737 90 2742 “
184 2762 271 2824 quem
300 2744 358 2802 iarn
386 2734 508 2822 supra2)
537 2747 845 2827 commemoravimus,
873 2747 951 2808 unde
976 2753 1097 2825 apparet
1120 2745 1351 2825 Porphyrionem

183 2845 239 2902 iam
268 2849 335 2902 ante
360 2838 524 2899 Charisium
554 2845 782 2904 commentarios
810 2861 880 2905 snos
908 2846 1119 2923 composuisse.
1165 2843 1229 2913 Quo
1253 2853 1351 2905 autem

185 2948 317 3020 tempore
336 2937 488 2999 Charisius
512 2935 655 3020 floruerit,
678 2940 715 3000 de
737 2941 793 3002 hac
811 2961 844 3002 re
864 2945 1027 3004 sententiae
1046 2945 1177 3002 virorum
1197 2942 1352 3003 doctorum

183 3058 242 3100 non
266 3055 391 3118 prorsus
414 3044 590 3114 congruunt.
628 3035 822 3120 Osannus⁸)
847 3043 925 3102 enim
949 3040 1032 3102 Illum
1056 3039 1112 3102 sub
1134 3041 1222 3100 finem
1242 3040 1353 3101 saeculi

185 3139 282 3217 quarti
306 3138 412 3196 vixisse
437 3133 494 3194 sibi
517 3140 673 3219 persuasit,
697 3149 726 3198 at
749 3147 852 3200 contra
872 3131 1087 3222 Christins⁴)
1111 3138 1238 3200 eundem
1257 3157 1351 3216 gram-

185 3238 324 3296 maticum
348 3235 442 3312 priori
465 3235 564 3312 quarti
588 3235 698 3296 saeculi
722 3241 799 3316 parti
822 3236 991 3298 adscribere
1015 3236 1084 3298 vult.
1126 3236 1228 3315 ltaque
1252 3245 1352 3299 utrum

185 3321 284 3414 potIus
308 3321 468 3410 sequamur
492 3329 713 3394 diiudicandum
737 3343 789 3395 est.
1344 3405 1347 3416 Ι

273 3431 292 3508 S
311 3427 363 3491 43.
401 3428 552 3488 Charisius
575 3432 703 3509 primum
723 3432 894 3493 laudatura
914 3431 1016 3493 Servio
1036 3433 1071 3493 ad
1090 3433 1209 3493 Aeneid.
1224 3431 1264 3492 IX
1279 3430 1353 3514 329,

185 3547 351 3609 quanquam
376 3527 412 3588 de
435 3526 490 3586 hac
509 3545 542 3586 re
562 3545 621 3588 non
639 3547 763 3608 prorsus
781 3539 898 3592 constat
915 3532 992 3592 inter
1013 3533 1091 3591 viros
1111 3531 1222 3613 doctos,
1243 3531 1353 3592 deinde

185 3649 200 3689 a
224 3618 373 3706 nudam),
397 3641 522 3702 quorum
548 3634 673 3706 uterque
698 3629 754 3691 sub
777 3632 865 3692 linem
890 3632 988 3711 quarti
1011 3629 1122 3691 saeculi
1145 3633 1272 3710 scripsit.
1310 3629 1352 3689 Ex

185 3743 244 3805 quo
262 3725 305 3805 lit,
328 3731 362 3783 ut
380 3720 546 3781 Charisium
566 3735 632 3785 ante
652 3725 706 3788 hos
726 3731 833 3790 vixisse
854 3738 1026 3790 statuamus.
1056 3727 1092 3788 Vt
1110 3736 1208 3789 autem
1227 3727 1352 3788 alterum

186 3825 347 3885 terminum
369 3837 479 3899 ponere
503 3824 664 3905 possimus,
689 3827 837 3887 afferenda
862 3828 1012 3905 videntur,
1040 3844 1115 3904 quac
1139 3818 1353 3905 cinisiiusi)

186 3923 222 3983 de
241 3919 381 3982 Diomede
401 3917 528 3980 Charisii
551 3920 613 3981 lere
636 3924 752 4002 aequali
775 3928 919 4004 exposuit.
957 3923 1112 3986 Diomedes
1131 3925 1210 3983 enim
1229 3942 1296 3984 curm
1315 3924 1352 3983 de

183 4143 186 4148 ·
274 4121 301 4189 1)
320 4116 360 4172 cf.
379 4112 494 4184 Gellius,
513 4117 595 4174 Noob.
614 4121 700 4178 Attio.
721 4127 860 4191 11‚1s‚s.

274 4201 302 4267 2)
321 4199 361 4253 cf.
380 4194 464 4250 huius
483 4195 587 4267 disput.
606 4217 632 4268 p.
651 4207 712 4268 1863
732 4200 803 4257 Keil.
823 4200 854 4256 (l.
870 4202 900 4257 L.
915 4219 943 4271 p.
964 4206 1023 4258 220.

275 4281 302 4348 3)
321 4277 452 4347 Beitrtlge
471 4295 492 4331 a.
512 4277 615 4346 grieoh.
635 4299 661 4334 u.
681 4289 750 4338 rdm.
768 4281 949 4338 Lien-desen
968 4280 998 4337 Τ.
1013 4281 1040 4335 ΙΙ
1053 4299 1081 4351 p.
1096 4287 1157 4337 340.

273 4362 301 4427 4)
320 4355 458 4427 Philolog.
477 4356 567 4411 XVIII
583 4377 612 4429 p.
628 4365 687 4416 1³1.

275 4441 303 4508 b)
321 4436 361 4492 cf.
380 4436 452 4493 Keil.
471 4436 517 4494 Gr.
537 4437 567 4494 L.
586 4439 625 4495 VI
643 4459 670 4512 p.
690 4446 750 4498 555.

275 4522 303 4582 st
320 4520 339 4576 t
359 4535 382 4572 o.
400 4535 427 4589 p.
444 4523 503 4576 rso.
