3162 5238
724 408 964 472 -170-

256 599 424 669 praecepta
452 594 612 671 carminis,
640 610 656 652 o
681 591 784 665 Musa,
813 599 846 650 ut
869 593 1036 664 ostendam,
1064 594 1131 665 quis
1154 593 1258 650 modus
1282 593 1428 651 desiderii

259 710 324 752 esse
347 693 455 751 debeat
477 693 630 750 carissimi
652 685 763 751 amici.'
786 722 823 731 —
845 689 934 749 horo
959 689 994 750 A:
1020 684 1069 730 ³—
1091 720 1139 747 ·-.
1177 689 1289 750 Sensus
1313 696 1426 749 antem:

260 792 308 850 Ila
327 792 402 849 mihi
415 795 583 865 praecepta
602 793 757 864 carminis,
776 806 793 849 o
809 789 908 866 Musa,
927 789 1035 862 quibus
1054 789 1217 860 ostendam,
1237 791 1303 861 quis
1322 789 1426 848 modus

261 890 407 948 desiderii
429 905 492 947 esse
516 888 624 947 debeat
645 890 798 948 carissimi
819 889 958 946 sodalis
981 891 1044 946 aut
1067 880 1178 946 amici.'

349 986 384 1044 ad
408 1004 432 1044 o.
457 979 589 1045 125111.
631 985 767 1063 Porph.:
793 980 936 1046 ‘Parcius
960 988 1079 1045 iunctus
1102 988 1243 1059 quatiunt
1256 980 1300 1065 f.]
1337 989 1427 1046 baec

260 1088 325 1146 ode
353 1088 383 1144 in
407 1086 597 1144 meretricem
622 1101 767 1160 rapacem
789 1086 845 1144 sed
867 1086 926 1143 iam
949 1087 1078 1143 betulam
1101 1091 1131 1144 et
1152 1086 1258 1144 merito
1282 1084 1320 1143 ab
1344 1101 1426 1143 ama-

260 1185 376 1243 toribus
396 1199 558 1258 passuram
582 1200 661 1256 puae
680 1181 802 1256 fecerat
822 1186 939 1259 scripta
958 1189 1014 1253 est,·
1036 1200 1141 1243 sensus
1160 1188 1274 1242 autem:
1297 1185 1427 1256 iuuenes,

260 1284 313 1355 qui
346 1284 414 1340 olim
444 1279 678 1354 frequentius
707 1279 860 1354 fenestras
888 1289 956 1342 tuas
984 1281 1134 1356 lapidibus
1162 1281 1362 1353 incessebant,
1395 1289 1429 1340 ut

260 1381 395 1439 cacitata
428 1394 528 1437 somno
558 1381 689 1438 ianuas
717 1382 867 1455 aperires,
896 1382 956 1439 iam
984 1385 1012 1439 te
1039 1381 1200 1453 neplepere
1223 1381 1372 1453 incipiant
1398 1386 1428 1438 et

261 1480 377 1537 idcireo
396 1478 473 1535 haec
492 1479 597 1535 rarius
612 1473 755 1549 faciunt'
772 1509 810 1520 -
830 1478 919 1537 horo
939 1477 975 1536 A:
999 1471 1048 1536 ‘In
1067 1477 1219 1552 Lydiam
1238 1479 1428 1536 meretricem

259 1592 404 1650 rapacem
418 1576 473 1633 sed
491 1576 550 1632 iam
568 1578 697 1635 vetulam
710 1578 818 1636 scribit
832 1578 998 1649 meritoque
1013 1575 1050 1634 ab
1066 1575 1253 1634 amatoribus
1263 1590 1425 1648 passaran

259 1694 337 1750 puae
357 1673 486 1748 fecerat.
529 1674 640 1734 Sensus
663 1681 762 1734 antem
785 1681 843 1734 est:
867 1673 994 1734 quenes
1017 1675 1070 1747 qui
1092 1674 1160 1731 olim
1181 1669 1334 1744 fenestras
1358 1679 1426 1730 tuas

258 1775 411 1849 lapidibus
444 1772 644 1846 incessebant,
681 1780 714 1831 nt
745 1774 881 1832 excitata
908 1788 1009 1830 somno
1041 1773 1092 1829 eis
1124 1773 1274 1845 aperires,
1308 1774 1369 1830 iam
1398 1777 1426 1830 te

260 1875 420 1946 neplepere
444 1872 593 1944 incipiunt
616 1876 645 1930 et
668 1872 785 1930 idcirco
801 1872 865 1929 ¹lum
888 1871 994 1928 rarius
1014 1862 1157 1942 faciant.⁹

349 1965 438 2044 §mh
479 1965 591 2028 Crebro
615 1967 743 2046 denique
768 1965 891 2046 scholia,
920 1971 994 2044 qum
1018 1965 1094 2024 horo
1118 1964 1141 2023 Α
1165 1983 1201 2023 ex
1224 1964 1425 2043 Porphyrione

259 2067 454 2144 deprompsit,
482 2064 518 2124 ab
546 2063 595 2124 illo
624 2076 708 2125 auctu
734 2074 764 2125 ei
791 2065 965 2144 amplificata
988 2073 1070 2144 sunt,
1098 2064 1247 2123 rarissime
1271 2072 1368 2122 autem
1393 2082 1425 2123 eu

259 2182 333 2242 syriae
361 2165 391 2221 in
420 2164 630 2222 commentario
654 2163 878 2244 Porphyrionis,
907 2182 995 2242 quem
1024 2161 1140 2222 codices
1166 2160 1252 2221 nohis
1274 2160 1425 2242 praebent,

260 2280 319 2322 non
334 2260 481 2340 leguntur,
501 2260 536 2319 od
551 2259 668 2338 plenius
683 2262 894 2342 Porphyrionis
909 2260 1093 2341 eucemplom
1109 2260 1263 2320 referenda
1279 2260 1425 2323 videntur.

260 2358 373 2429 Quibus
398 2359 523 2418 sortasse
546 2357 618 2418 hu'ec
643 2358 799 2421 tribuenda
823 2369 905 2421 sunt:

349 2456 384 2516 ud
405 2452 588 2536 c.116,15.
626 2457 764 2536 Porph.:
789 2455 830 2542 ‘et
853 2462 954 2519 insani
971 2461 1064 2518 leonis
1083 2459 1141 2515 nim
1159 2461 1311 2518 stomacho
1331 2478 1357 2520 a.
1377 2457 1425 2540 n]
1459 2509 1463 2515 .

260 2559 335 2616 belle
362 2557 400 2615 de
425 2553 533 2630 fabula
561 2573 666 2616 sensns
690 2561 849 2632 praesenti
871 2559 1029 2617 intentioni
1050 2558 1240 2616 necessarius
1264 2566 1425 2634 conceptas

262 2662 313 2715 est.
351 2656 396 2713 ait
418 2660 518 2714 autem
537 2653 746 2714 Prometbcnm
771 2659 839 2716 limo
857 2659 990 2716 homines
1005 2657 1125 2729 sinpere
1144 2656 1255 2714 iussum
1275 2673 1315 2715 eac
1334 2660 1425 2717 omni-

261 2755 315 2812 bns
343 2751 523 2811 animalibus
547 2755 719 2826 particulas
747 2756 861 2814 bomini
887 2757 1040 2830 adponere
1067 2755 1125 2812 nim
1153 2755 1246 2812 leonis
1273 2757 1425 2815 stomacho

262 2852 436 2927 adposuisse
442 2869 453 2918 ;
481 2851 598 2909 idcirco
627 2852 791 2911 iracundia
814 2855 911 2927 mapis
939 2869 992 2912 nos
1020 2853 1144 2911 incendi
1165 2869 1254 2925 qnam
1277 2855 1339 2912 ulla
1363 2856 1425 2912 alia

227 2958 229 2964 ’
261 2941 426 3010 animalia?
449 2979 487 2988 —-
509 2946 598 3006 horo
618 2948 654 3009 A:
678 2942 765 3010 ‘belle
789 2952 826 3011 de
845 2949 954 3026 fabula
973 2967 1078 3010 sensns
1093 2952 1252 3024 praesenti
1269 2952 1427 3010 intentioni

260 3049 451 3108 necessarius
483 3052 646 3121 conceptus
674 3054 725 3108 est.
777 3051 870 3110 Aiunt
896 3054 996 3108 autem
1024 3048 1233 3107 Prometbcnm
1261 3065 1329 3107 cum
1357 3050 1426 3108 limo

259 3149 407 3206 bominem
422 3147 562 3217 dnperet,
582 3145 695 3203 iussum
714 3164 753 3205 eac
772 3149 908 3207 omnibus
927 3146 1108 3206 animalibus
1119 3147 1299 3220 particulas,
1315 3153 1426 3221 prout

259 3251 341 3305 erat
364 3259 485 3304 eorum
510 3247 660 3322 natura,
687 3244 802 3304 bomini
822 3248 976 3322 adponere
999 3246 1057 3303 nim
1080 3246 1173 3302 leonis
1195 3246 1348 3305 stomacho
1372 3247 1425 3304 ad·

256 3345 405 3420 posuisse,
432 3342 549 3400 idcirco
573 3341 655 3413 quod
677 3343 842 3402 iracundia
865 3345 962 3418 mapis
986 3335 1213 3402 accendamur.'

347 3438 486 3498 Videmus
514 3436 616 3496 eadem
639 3456 731 3515 poene
755 3438 843 3500 verbo
870 3439 946 3519 aprrd
971 3448 1131 3516 utrumque
1155 3446 1424 3519 commentatorem,

259 3547 301 3619 ei,
335 3539 361 3596 si
392 3534 624 3615 Porphyriouenr
657 3554 716 3596 noo
750 3547 783 3598 ut
810 3537 971 3617 Meyerus
1004 3538 1179 3614 interposito
1212 3530 1277 3611 ‘et',
1310 3538 1360 3598 sed
1389 3557 1425 3598 ex

258 3633 416 3697 horoneh
440 3636 479 3694 ita
504 3633 703 3713 emendamus,
728 3643 760 3694 ut
784 3636 960 3695 scribamus:
984 3628 1206 3693 ‘Prometheum
1225 3629 1337 3713 <cam>
1356 3640 1425 3697 limo

259 3739 392 3796 homines
412 3727 586 3809 pauperem>
603 3764 652 3807 —,
675 3741 829 3812 tantopere
853 3733 924 3793 heco
948 3731 1005 3791 duo
1026 3728 1136 3791 scholia
1155 3739 1275 3810 excepta
1295 3741 1424 3793 extremo

258 3831 402 3911 pamicula
430 3833 508 3890 inter
537 3847 568 3888 se
597 3842 778 3913 congruunt,
807 3840 841 3893 ut
863 3840 968 3909 putore
991 3828 1077 3888 licoat
1101 3829 1188 3889 etium
1211 3828 1300 3889 verbu
1323 3827 1426 3907 ‘prout

258 3938 326 3992 erat
340 3947 443 3991 eornm
457 3922 587 3988 natara'
602 3927 814 4009 Porphyrionis
829 3947 903 4009 esse,
923 3943 1090 4005 quanquam
1105 3925 1268 3986 concedere
1283 3925 1425 3988 dehemus

260 4048 293 4088 ea
317 4046 375 4087 non
399 4026 482 4085 valde
505 4025 675 4087 desiderari.

338 4111 380 4185 vad
396 4144 421 4184 o.
436 4121 462 4182 il
479 4121 528 4205 14,
543 4121 595 4186 26.
617 4124 757 4206 Porph.:
777 4119 929 4203 ‘superbo'
943 4123 1113 4200 nutem'pro
1130 4127 1193 4200 ipse
1206 4117 1373 4199 superbus?
1384 4155 1421 4165 -

257 4225 347 4283 horo
370 4223 406 4283 A:
434 4215 575 4297 ‘superbo
599 4242 658 4299 pro
688 4229 750 4301 ipse
776 4226 931 4302 superbus.
977 4213 1181 4300 boatium}
1207 4215 1357 4298 flaura?
1385 4251 1421 4262 ·—

257 4322 339 4382 Hnuc
363 4320 587 4380 adnotationem·
605 4320 720 4382 hcroh
744 4341 779 4382 ex
802 4323 1005 4402 Porphyrione
1030 4321 1191 4397 sumpsisse
1216 4319 1341 4401 videtur,
1364 4317 1424 4400 uhi,

257 4438 324 4481 cum
357 4421 414 4479 ium
443 4436 501 4478 nou
531 4426 623 4499 extet,
656 4421 839 4480 restituenda
868 4429 922 4480 est.
973 4418 1015 4479 Gi.
1043 4417 1077 4476 ed
1106 4437 1130 4477 o.
1153 4417 1166 4476 l
1190 4414 1219 4498 2,
1242 4415 1297 4478 48:
1329 4413 1425 4478 ‘ocior

258 4538 338 4584 aura
366 4513 476 4600 tollat]
510 4535 569 4596 pro
598 4512 695 4579 ‘ocius
723 4513 835 4588 tollut',·
868 4515 976 4599 σχῆμα
1003 4506 1201 4594 ὑπαλλαγή.’
1252 4514 1295 4575 Gi.
1319 4514 1424 4575 deinde
