<?xml version="1.0" encoding="UTF-8"?>
<!DOCTYPE html PUBLIC "-//W3C//DTD XHTML 1.0 Transitional//EN"
    "http://www.w3.org/TR/xhtml1/DTD/xhtml1-transitional.dtd">
<html xmlns="http://www.w3.org/1999/xhtml" xml:lang="en" lang="en">
 <head>
  <title>
</title>
<meta http-equiv="Content-Type" content="text/html;charset=utf-8" />
  <meta name='ocr-system' content='tesseract 3.04.00' />
  <meta name='ocr-capabilities' content='ocr_page ocr_carea ocr_par ocr_line ocrx_word'/>
</head>
<body>
  <div class='ocr_page' id='page_1' title='image "./quaestionesporp00wessgoog_0029.png"; bbox 0 0 3162 5238; ppageno 0'>
   <div class='ocr_carea' id='block_1_1' title="bbox 728 394 968 458">
    <p class='ocr_par' dir='ltr' id='par_1_1' title="bbox 728 394 968 458">
     <span class='ocr_line' id='line_1_1' title="bbox 728 394 968 458; baseline 0.008 -2"><span class='ocrx_word' id='word_1_1' title='bbox 728 394 968 458; x_wconf 81' lang='lat'>—178—</span> 
     </span>
    </p>
   </div>
   <div class='ocr_carea' id='block_1_2' title="bbox 261 574 1432 4283">
    <p class='ocr_par' dir='ltr' id='par_1_2' title="bbox 261 574 1431 2026">
     <span class='ocr_line' id='line_1_2' title="bbox 262 574 1426 657; baseline -0.003 -20"><span class='ocrx_word' id='word_1_2' title='bbox 262 580 318 637; x_wconf 89' lang='lat' dir='ltr'><strong>nisi</strong></span> <span class='ocrx_word' id='word_1_3' title='bbox 338 579 414 657; x_wconf 92' lang='lat' dir='ltr'><strong>apud</strong></span> <span class='ocrx_word' id='word_1_4' title='bbox 430 577 661 656; x_wconf 88' lang='lat' dir='ltr'><strong>Porphyrionern</strong></span> <span class='ocrx_word' id='word_1_5' title='bbox 682 584 711 635; x_wconf 90' lang='lat' dir='ltr'><strong>et</strong></span> <span class='ocrx_word' id='word_1_6' title='bbox 726 575 803 653; x_wconf 90' lang='lat' dir='ltr'><strong>apud</strong></span> <span class='ocrx_word' id='word_1_7' title='bbox 818 574 915 656; x_wconf 84' lang='lat' dir='ltr'><strong>alium,</strong></span> <span class='ocrx_word' id='word_1_8' title='bbox 936 593 1023 654; x_wconf 92' lang='lat' dir='ltr'><strong>quem</strong></span> <span class='ocrx_word' id='word_1_9' title='bbox 1039 577 1137 636; x_wconf 88' lang='lat' dir='ltr'><strong>statim</strong></span> <span class='ocrx_word' id='word_1_10' title='bbox 1153 575 1319 636; x_wconf 83' lang='lat' dir='ltr'><strong>nominabo.</strong></span> <span class='ocrx_word' id='word_1_11' title='bbox 1350 575 1426 646; x_wconf 87' lang='lat' dir='ltr'><strong>Quid</strong></span> 
     </span>
     <span class='ocr_line' id='line_1_3' title="bbox 262 674 1429 755; baseline -0.001 -21"><span class='ocrx_word' id='word_1_12' title='bbox 262 678 353 755; x_wconf 82' lang='lat' dir='ltr'><strong>igitur</strong></span> <span class='ocrx_word' id='word_1_13' title='bbox 374 679 434 736; x_wconf 89' lang='lat' dir='ltr'><strong>veri</strong></span> <span class='ocrx_word' id='word_1_14' title='bbox 454 686 499 736; x_wconf 87' lang='lat' dir='ltr'><strong>est</strong></span> <span class='ocrx_word' id='word_1_15' title='bbox 518 675 643 735; x_wconf 86' lang='lat' dir='ltr'><strong>similius</strong></span> <span class='ocrx_word' id='word_1_16' title='bbox 663 692 749 752; x_wconf 89' lang='lat' dir='ltr'><strong>quarn</strong></span> <span class='ocrx_word' id='word_1_17' title='bbox 769 675 991 751; x_wconf 85' lang='lat' dir='ltr'><strong>grammaticum</strong></span> <span class='ocrx_word' id='word_1_18' title='bbox 1008 674 1163 755; x_wconf 84' lang='lat' dir='ltr'>quendam,</span> <span class='ocrx_word' id='word_1_19' title='bbox 1183 694 1251 735; x_wconf 90' lang='lat' dir='ltr'><strong>cum</strong></span> <span class='ocrx_word' id='word_1_20' title='bbox 1266 674 1429 754; x_wconf 91' lang='lat' dir='ltr'><strong>Porphyrio</strong></span> 
     </span>
     <span class='ocr_line' id='line_1_4' title="bbox 262 768 1429 852; baseline 0 -20"><span class='ocrx_word' id='word_1_21' title='bbox 262 771 460 835; x_wconf 75' lang='lat' dir='ltr'><strong>‘Gaditanum</strong></span> <span class='ocrx_word' id='word_1_22' title='bbox 487 768 601 834; x_wconf 85' lang='lat' dir='ltr'><strong>mure’</strong></span> <span class='ocrx_word' id='word_1_23' title='bbox 632 772 815 850; x_wconf 81' lang='lat' dir='ltr'><strong>scripsisset,</strong></span> <span class='ocrx_word' id='word_1_24' title='bbox 843 779 999 831; x_wconf 80' lang='lat' dir='ltr'><strong>annotasse</strong></span> <span class='ocrx_word' id='word_1_25' title='bbox 1027 771 1083 832; x_wconf 89' lang='lat' dir='ltr'><strong>hoc</strong></span> <span class='ocrx_word' id='word_1_26' title='bbox 1109 772 1170 833; x_wconf 89' lang='lat' dir='ltr'><strong>lere</strong></span> <span class='ocrx_word' id='word_1_27' title='bbox 1194 790 1251 833; x_wconf 96' lang='lat' dir='ltr'><strong>non</strong></span> <span class='ocrx_word' id='word_1_28' title='bbox 1277 773 1348 852; x_wconf 85' lang='lat' dir='ltr'><strong>dici,</strong></span> <span class='ocrx_word' id='word_1_29' title='bbox 1377 771 1429 832; x_wconf 89' lang='lat' dir='ltr'><strong>sed</strong></span> 
     </span>
     <span class='ocr_line' id='line_1_5' title="bbox 262 863 1428 951; baseline -0.002 -19"><span class='ocrx_word' id='word_1_30' title='bbox 262 891 379 951; x_wconf 89' lang='lat' dir='ltr'><strong>semper</strong></span> <span class='ocrx_word' id='word_1_31' title='bbox 406 867 604 933; x_wconf 74' lang='lat' dir='ltr'><strong>‘Gaditanum</strong></span> <span class='ocrx_word' id='word_1_32' title='bbox 629 863 768 947; x_wconf 67' lang='lat' dir='ltr'><strong>fretum,</strong></span> <span class='ocrx_word' id='word_1_33' title='bbox 797 868 980 948; x_wconf 88' lang='lat' dir='ltr'><strong>quadecausa</strong></span> <span class='ocrx_word' id='word_1_34' title='bbox 1012 888 1102 948; x_wconf 93' lang='lat' dir='ltr'><strong>super</strong></span> <span class='ocrx_word' id='word_1_35' title='bbox 1130 865 1242 932; x_wconf 72' lang='lat' dir='ltr'><strong>‘mure&#39;</strong></span> <span class='ocrx_word' id='word_1_36' title='bbox 1271 871 1428 949; x_wconf 84' lang='lat' dir='ltr'><strong>adscripsit</strong></span> 
     </span>
     <span class='ocr_line' id='line_1_6' title="bbox 261 966 1429 1049; baseline 0.003 -23"><span class='ocrx_word' id='word_1_37' title='bbox 261 989 362 1030; x_wconf 90' lang='lat' dir='ltr'><strong>vocem</strong></span> <span class='ocrx_word' id='word_1_38' title='bbox 396 966 543 1044; x_wconf 73' lang='lat' dir='ltr'><strong>‘fretum&#39;‚</strong></span> <span class='ocrx_word' id='word_1_39' title='bbox 578 978 609 1029; x_wconf 90' lang='lat' dir='ltr'><strong>ut</strong></span> <span class='ocrx_word' id='word_1_40' title='bbox 642 970 676 1048; x_wconf 86' lang='lat' dir='ltr'><strong>ii,</strong></span> <span class='ocrx_word' id='word_1_41' title='bbox 709 970 760 1045; x_wconf 89' lang='lat' dir='ltr'><strong>qui</strong></span> <span class='ocrx_word' id='word_1_42' title='bbox 789 967 999 1046; x_wconf 75' lang='lat' dir='ltr'><strong>Porphyrionis</strong></span> <span class='ocrx_word' id='word_1_43' title='bbox 1028 971 1257 1030; x_wconf 84' lang='lat' dir='ltr'><strong>commentarios</strong></span> <span class='ocrx_word' id='word_1_44' title='bbox 1287 968 1429 1049; x_wconf 84' lang='lat' dir='ltr'><strong>legerent,</strong></span> 
     </span>
     <span class='ocr_line' id='line_1_7' title="bbox 261 1065 1429 1147; baseline 0 -21"><span class='ocrx_word' id='word_1_45' title='bbox 261 1066 347 1146; x_wconf 88' lang='lat' dir='ltr'><strong>plane</strong></span> <span class='ocrx_word' id='word_1_46' title='bbox 362 1075 549 1147; x_wconf 84' lang='lat' dir='ltr'><strong>cognoscant,</strong></span> <span class='ocrx_word' id='word_1_47' title='bbox 564 1066 612 1126; x_wconf 90' lang='lat' dir='ltr'><strong>hic</strong></span> <span class='ocrx_word' id='word_1_48' title='bbox 627 1066 801 1126; x_wconf 89' lang='lat' dir='ltr'><strong>Gaditanum</strong></span> <span class='ocrx_word' id='word_1_49' title='bbox 817 1066 948 1124; x_wconf 86' lang='lat' dir='ltr'><strong>fretum</strong></span> <span class='ocrx_word' id='word_1_50' title='bbox 964 1065 1193 1145; x_wconf 84' lang='lat' dir='ltr'><strong>intellegendum</strong></span> <span class='ocrx_word' id='word_1_51' title='bbox 1209 1065 1295 1127; x_wconf 78' lang='lat' dir='ltr'><strong>esse?</strong></span> <span class='ocrx_word' id='word_1_52' title='bbox 1318 1066 1429 1127; x_wconf 86' lang='lat' dir='ltr'><strong>Deinde</strong></span> 
     </span>
     <span class='ocr_line' id='line_1_8' title="bbox 262 1162 1429 1241; baseline -0.001 -18"><span class='ocrx_word' id='word_1_53' title='bbox 262 1164 333 1223; x_wconf 88' lang='lat' dir='ltr'><strong>illud</strong></span> <span class='ocrx_word' id='word_1_54' title='bbox 371 1165 479 1224; x_wconf 87' lang='lat' dir='ltr'><strong>lretum</strong></span> <span class='ocrx_word' id='word_1_55' title='bbox 513 1167 590 1225; x_wconf 90' lang='lat' dir='ltr'><strong>sicut</strong></span> <span class='ocrx_word' id='word_1_56' title='bbox 624 1162 714 1222; x_wconf 88' lang='lat' dir='ltr'><strong>multa</strong></span> <span class='ocrx_word' id='word_1_57' title='bbox 747 1162 802 1221; x_wconf 90' lang='lat' dir='ltr'><strong>alia</strong></span> <span class='ocrx_word' id='word_1_58' title='bbox 834 1164 912 1223; x_wconf 91' lang='lat' dir='ltr'><strong>inter</strong></span> <span class='ocrx_word' id='word_1_59' title='bbox 944 1165 1038 1241; x_wconf 90' lang='lat' dir='ltr'><strong>ipsius</strong></span> <span class='ocrx_word' id='word_1_60' title='bbox 1071 1167 1310 1225; x_wconf 88' lang='lat' dir='ltr'><strong>commentatoris</strong></span> <span class='ocrx_word' id='word_1_61' title='bbox 1342 1162 1429 1224; x_wconf 88' lang='lat' dir='ltr'><strong>verba</strong></span> 
     </span>
     <span class='ocr_line' id='line_1_9' title="bbox 262 1259 1430 1342; baseline -0.002 -20"><span class='ocrx_word' id='word_1_62' title='bbox 262 1259 441 1341; x_wconf 74' lang='lat' dir='ltr'><strong>irrepsisse?</strong></span> <span class='ocrx_word' id='word_1_63' title='bbox 464 1296 502 1305; x_wconf 93' lang='lat'><em>-</em></span> <span class='ocrx_word' id='word_1_64' title='bbox 527 1262 596 1322; x_wconf 90' lang='lat' dir='ltr'><strong>Mihi</strong></span> <span class='ocrx_word' id='word_1_65' title='bbox 622 1262 739 1340; x_wconf 90' lang='lat' dir='ltr'><strong>quidem</strong></span> <span class='ocrx_word' id='word_1_66' title='bbox 765 1261 819 1320; x_wconf 91' lang='lat' dir='ltr'><strong>hoc</strong></span> <span class='ocrx_word' id='word_1_67' title='bbox 844 1260 926 1321; x_wconf 90' lang='lat' dir='ltr'><strong>valde</strong></span> <span class='ocrx_word' id='word_1_68' title='bbox 951 1261 1066 1322; x_wconf 90' lang='lat' dir='ltr'><strong>videtur</strong></span> <span class='ocrx_word' id='word_1_69' title='bbox 1090 1281 1155 1323; x_wconf 90' lang='lat' dir='ltr'><strong>esse</strong></span> <span class='ocrx_word' id='word_1_70' title='bbox 1178 1262 1339 1342; x_wconf 87' lang='lat' dir='ltr'><strong>probabile.</strong></span> <span class='ocrx_word' id='word_1_71' title='bbox 1375 1261 1430 1321; x_wconf 79' lang='lat' dir='ltr'><strong>hc·</strong></span> 
     </span>
     <span class='ocr_line' id='line_1_10' title="bbox 263 1360 1431 1440; baseline -0.003 -19"><span class='ocrx_word' id='word_1_72' title='bbox 263 1361 341 1421; x_wconf 90' lang='lat' dir='ltr'><strong>cedit</strong></span> <span class='ocrx_word' id='word_1_73' title='bbox 368 1370 466 1421; x_wconf 91' lang='lat' dir='ltr'><strong>autem</strong></span> <span class='ocrx_word' id='word_1_74' title='bbox 495 1360 573 1421; x_wconf 92' lang='lat' dir='ltr'><strong>aliud</strong></span> <span class='ocrx_word' id='word_1_75' title='bbox 600 1367 806 1438; x_wconf 86' lang='lat' dir='ltr'><strong>argumentum</strong></span> <span class='ocrx_word' id='word_1_76' title='bbox 831 1368 918 1437; x_wconf 89' lang='lat' dir='ltr'><strong>atque</strong></span> <span class='ocrx_word' id='word_1_77' title='bbox 942 1367 976 1420; x_wconf 93' lang='lat' dir='ltr'><strong>ut</strong></span> <span class='ocrx_word' id='word_1_78' title='bbox 999 1369 1070 1440; x_wconf 93' lang='lat' dir='ltr'><strong>puto</strong></span> <span class='ocrx_word' id='word_1_79' title='bbox 1094 1364 1313 1440; x_wconf 84' lang='lat' dir='ltr'><strong>gravissimum:</strong></span> <span class='ocrx_word' id='word_1_80' title='bbox 1341 1378 1431 1439; x_wconf 89' lang='lat' dir='ltr'><strong>supra</strong></span> 
     </span>
     <span class='ocr_line' id='line_1_11' title="bbox 261 1452 1430 1538; baseline -0.002 -19"><span class='ocrx_word' id='word_1_81' title='bbox 261 1462 319 1519; x_wconf 91' lang='lat' dir='ltr'><strong>iam</strong></span> <span class='ocrx_word' id='word_1_82' title='bbox 344 1460 404 1518; x_wconf 84' lang='lat' dir='ltr'><strong>dixi</strong></span> <span class='ocrx_word' id='word_1_83' title='bbox 427 1459 503 1538; x_wconf 89' lang='lat' dir='ltr'><strong>apud</strong></span> <span class='ocrx_word' id='word_1_84' title='bbox 528 1457 616 1519; x_wconf 88' lang='lat' dir='ltr'><strong>aliurn</strong></span> <span class='ocrx_word' id='word_1_85' title='bbox 641 1476 758 1537; x_wconf 89' lang='lat' dir='ltr'><strong>quoque</strong></span> <span class='ocrx_word' id='word_1_86' title='bbox 783 1457 853 1536; x_wconf 83' lang='lat' dir='ltr'><strong>legi:</strong></span> <span class='ocrx_word' id='word_1_87' title='bbox 878 1452 1075 1519; x_wconf 75' lang='lat' dir='ltr'><strong>‘Gaditanum</strong></span> <span class='ocrx_word' id='word_1_88' title='bbox 1099 1455 1225 1532; x_wconf 86' lang='lat' dir='ltr'><strong>more&#39;;</strong></span> <span class='ocrx_word' id='word_1_89' title='bbox 1252 1460 1308 1520; x_wconf 91' lang='lat' dir='ltr'><strong>hoo</strong></span> <span class='ocrx_word' id='word_1_90' title='bbox 1331 1465 1430 1518; x_wconf 76' lang='lat' dir='ltr'><strong>utitem</strong></span> 
     </span>
     <span class='ocr_line' id='line_1_12' title="bbox 263 1553 1431 1638; baseline -0.001 -22"><span class='ocrx_word' id='word_1_91' title='bbox 263 1566 341 1619; x_wconf 82' lang='lat' dir='ltr'><strong>extat</strong></span> <span class='ocrx_word' id='word_1_92' title='bbox 364 1558 441 1636; x_wconf 87' lang='lat' dir='ltr'><strong>apud</strong></span> <span class='ocrx_word' id='word_1_93' title='bbox 465 1560 609 1618; x_wconf 78' lang='lat' dir='ltr'><strong>Aaronem</strong></span> <span class='ocrx_word' id='word_1_94' title='bbox 633 1557 670 1638; x_wconf 80' lang='grc' dir='ltr'><strong>Α,</strong></span> <span class='ocrx_word' id='word_1_95' title='bbox 694 1557 746 1617; x_wconf 92' lang='lat' dir='ltr'><strong>ubi</strong></span> <span class='ocrx_word' id='word_1_96' title='bbox 770 1558 913 1634; x_wconf 88' lang='lat' dir='ltr'><strong>scriptum</strong></span> <span class='ocrx_word' id='word_1_97' title='bbox 937 1557 1084 1618; x_wconf 83' lang='lat' dir='ltr'><strong>videmus:</strong></span> <span class='ocrx_word' id='word_1_98' title='bbox 1110 1553 1309 1619; x_wconf 76' lang='lat' dir='ltr'><strong>‘Gaditanum</strong></span> <span class='ocrx_word' id='word_1_99' title='bbox 1332 1575 1431 1616; x_wconf 86' lang='lat' dir='ltr'><strong>mure</strong></span> 
     </span>
     <span class='ocr_line' id='line_1_13' title="bbox 261 1651 1429 1734; baseline -0.002 -18"><span class='ocrx_word' id='word_1_100' title='bbox 261 1659 342 1729; x_wconf 84' lang='lat' dir='ltr'><strong>dicit,</strong></span> <span class='ocrx_word' id='word_1_101' title='bbox 367 1658 438 1717; x_wconf 86' lang='lat' dir='ltr'><strong>iude</strong></span> <span class='ocrx_word' id='word_1_102' title='bbox 461 1659 540 1716; x_wconf 83' lang='lat' dir='ltr'><strong>enim</strong></span> <span class='ocrx_word' id='word_1_103' title='bbox 560 1659 667 1732; x_wconf 84' lang='lat' dir='ltr'><strong>incipit</strong></span> <span class='ocrx_word' id='word_1_104' title='bbox 685 1656 811 1730; x_wconf 81' lang='lat' dir='ltr'><strong>Europa</strong></span> <span class='ocrx_word' id='word_1_105' title='bbox 829 1659 952 1716; x_wconf 78' lang='lat' dir='ltr'><strong>secerni</strong></span> <span class='ocrx_word' id='word_1_106' title='bbox 968 1675 988 1716; x_wconf 86' lang='grc' dir='ltr'><em>α</em></span> <span class='ocrx_word' id='word_1_107' title='bbox 1008 1651 1126 1734; x_wconf 76' lang='lat' dir='ltr'><strong>Ltopu&#39;</strong></span> <span class='ocrx_word' id='word_1_108' title='bbox 1163 1656 1267 1717; x_wconf 88' lang='lat' dir='ltr'><strong>Nonne</strong></span> <span class='ocrx_word' id='word_1_109' title='bbox 1285 1656 1429 1716; x_wconf 85' lang='lat' dir='ltr'><strong>habemus</strong></span> 
     </span>
     <span class='ocr_line' id='line_1_14' title="bbox 261 1750 1429 1833; baseline -0.002 -20"><span class='ocrx_word' id='word_1_110' title='bbox 261 1753 471 1833; x_wconf 83' lang='lat' dir='ltr'><strong>Porphyrionis</strong></span> <span class='ocrx_word' id='word_1_111' title='bbox 500 1753 632 1814; x_wconf 86' lang='lat' dir='ltr'><strong>scholion</strong></span> <span class='ocrx_word' id='word_1_112' title='bbox 661 1753 697 1812; x_wconf 88' lang='lat' dir='ltr'><strong>ab</strong></span> <span class='ocrx_word' id='word_1_113' title='bbox 725 1755 839 1813; x_wconf 84' lang='lat' dir='ltr'><strong>Acrone</strong></span> <span class='ocrx_word' id='word_1_114' title='bbox 867 1753 1017 1814; x_wconf 90' lang='lat' dir='ltr'><strong>lenissime</strong></span> <span class='ocrx_word' id='word_1_115' title='bbox 1048 1750 1213 1814; x_wconf 83' lang='lat' dir='ltr'><strong>mutatum?</strong></span> <span class='ocrx_word' id='word_1_116' title='bbox 1239 1788 1276 1796; x_wconf 95' lang='lat'>—</span> <span class='ocrx_word' id='word_1_117' title='bbox 1303 1753 1429 1813; x_wconf 87' lang='lat' dir='ltr'><strong>Dubium</strong></span> 
     </span>
     <span class='ocr_line' id='line_1_15' title="bbox 261 1850 1430 1932; baseline 0 -22"><span class='ocrx_word' id='word_1_118' title='bbox 261 1855 352 1930; x_wconf 84' lang='lat' dir='ltr'><strong>igitur</strong></span> <span class='ocrx_word' id='word_1_119' title='bbox 383 1871 448 1912; x_wconf 89' lang='lat' dir='ltr'><strong>esse</strong></span> <span class='ocrx_word' id='word_1_120' title='bbox 482 1871 540 1913; x_wconf 95' lang='lat' dir='ltr'><strong>non</strong></span> <span class='ocrx_word' id='word_1_121' title='bbox 573 1860 685 1932; x_wconf 88' lang='lat' dir='ltr'><strong>potest,</strong></span> <span class='ocrx_word' id='word_1_122' title='bbox 718 1854 789 1931; x_wconf 90' lang='lat' dir='ltr'><strong>quin</strong></span> <span class='ocrx_word' id='word_1_123' title='bbox 823 1871 890 1913; x_wconf 88' lang='lat' dir='ltr'><strong>curn</strong></span> <span class='ocrx_word' id='word_1_124' title='bbox 918 1851 1125 1930; x_wconf 86' lang='lat' dir='ltr'><strong>Petschenigio</strong></span> <span class='ocrx_word' id='word_1_125' title='bbox 1157 1850 1347 1913; x_wconf 91' lang='lat' dir='ltr'><strong>scribendum</strong></span> <span class='ocrx_word' id='word_1_126' title='bbox 1379 1853 1430 1911; x_wconf 89' lang='lat' dir='ltr'><strong>sit:</strong></span> 
     </span>
     <span class='ocr_line' id='line_1_16' title="bbox 264 1945 772 2026; baseline 0.004 -18"><span class='ocrx_word' id='word_1_127' title='bbox 264 1946 461 2011; x_wconf 72' lang='lat' dir='ltr'><strong>‘Gaditanum</strong></span> <span class='ocrx_word' id='word_1_128' title='bbox 480 1969 580 2012; x_wconf 88' lang='lat' dir='ltr'><strong>mure</strong></span> <span class='ocrx_word' id='word_1_129' title='bbox 598 1945 772 2026; x_wconf 74' lang='lat' dir='ltr'><strong>sipnificot&#39;.</strong></span> 
     </span>
    </p>

    <p class='ocr_par' dir='ltr' id='par_1_3' title="bbox 263 2044 1431 2717">
     <span class='ocr_line' id='line_1_17' title="bbox 351 2044 1431 2132; baseline 0 -23"><span class='ocrx_word' id='word_1_130' title='bbox 351 2045 436 2125; x_wconf 63' lang='lat'><strong>§33</strong></span> <span class='ocrx_word' id='word_1_131' title='bbox 470 2049 504 2108; x_wconf 89' lang='lat' dir='ltr'><strong>ad</strong></span> <span class='ocrx_word' id='word_1_132' title='bbox 525 2069 548 2108; x_wconf 95' lang='lat' dir='ltr'><strong>c.</strong></span> <span class='ocrx_word' id='word_1_133' title='bbox 569 2049 609 2108; x_wconf 95' lang='lat' dir='ltr'><strong>lll</strong></span> <span class='ocrx_word' id='word_1_134' title='bbox 623 2048 654 2132; x_wconf 81' lang='lat'><strong>4,</strong></span> <span class='ocrx_word' id='word_1_135' title='bbox 668 2045 724 2110; x_wconf 87' lang='lat'><strong>50:</strong></span> <span class='ocrx_word' id='word_1_136' title='bbox 745 2046 853 2122; x_wconf 70' lang='lat' dir='ltr'><strong>‘fideus</strong></span> <span class='ocrx_word' id='word_1_137' title='bbox 873 2053 1009 2110; x_wconf 85' lang='lat' dir='ltr'><strong>iuuentus</strong></span> <span class='ocrx_word' id='word_1_138' title='bbox 1028 2052 1157 2110; x_wconf 80' lang='lat' dir='ltr'><strong>horrido</strong></span> <span class='ocrx_word' id='word_1_139' title='bbox 1177 2044 1332 2129; x_wconf 82' lang='lat' dir='ltr'><strong>brachiis]</strong></span> <span class='ocrx_word' id='word_1_140' title='bbox 1356 2051 1431 2110; x_wconf 85' lang='lat' dir='ltr'><strong>ordo</strong></span> 
     </span>
     <span class='ocr_line' id='line_1_18' title="bbox 264 2149 1431 2221; baseline 0 -15"><span class='ocrx_word' id='word_1_141' title='bbox 264 2153 321 2206; x_wconf 85' lang='lat' dir='ltr'><strong>est:</strong></span> <span class='ocrx_word' id='word_1_142' title='bbox 351 2149 450 2213; x_wconf 78' lang='lat' dir='ltr'><strong>ridens</strong></span> <span class='ocrx_word' id='word_1_143' title='bbox 482 2149 618 2208; x_wconf 81' lang='lat' dir='ltr'><strong>brachiis</strong></span> <span class='ocrx_word' id='word_1_144' title='bbox 651 2151 788 2208; x_wconf 84' lang='lat' dir='ltr'><strong>iuuentus</strong></span> <span class='ocrx_word' id='word_1_145' title='bbox 820 2151 957 2209; x_wconf 82' lang='lat' dir='ltr'><strong>horrida.</strong></span> <span class='ocrx_word' id='word_1_146' title='bbox 1007 2151 1112 2208; x_wconf 87' lang='lat' dir='ltr'><strong>meiius</strong></span> <span class='ocrx_word' id='word_1_147' title='bbox 1140 2150 1218 2209; x_wconf 87' lang='lat' dir='ltr'><strong>enim</strong></span> <span class='ocrx_word' id='word_1_148' title='bbox 1246 2151 1431 2221; x_wconf 76' lang='lat' dir='ltr'><strong>intelleyitur</strong></span> 
     </span>
     <span class='ocr_line' id='line_1_19' title="bbox 263 2240 1431 2324; baseline -0.001 -20"><span class='ocrx_word' id='word_1_149' title='bbox 263 2263 353 2319; x_wconf 81' lang='lat' dir='ltr'><strong>quum</strong></span> <span class='ocrx_word' id='word_1_150' title='bbox 383 2241 523 2306; x_wconf 78' lang='lat' dir='ltr'><strong>‘horrida</strong></span> <span class='ocrx_word' id='word_1_151' title='bbox 551 2242 719 2306; x_wconf 62' lang='lat' dir='ltr'><strong>brachiis?</strong></span> <span class='ocrx_word' id='word_1_152' title='bbox 766 2245 956 2305; x_wconf 89' lang='lat' dir='ltr'><strong>Desideratur</strong></span> <span class='ocrx_word' id='word_1_153' title='bbox 980 2244 1028 2306; x_wconf 90' lang='lat' dir='ltr'><strong>hic</strong></span> <span class='ocrx_word' id='word_1_154' title='bbox 1056 2245 1099 2324; x_wconf 86' lang='lat' dir='ltr'><strong>id,</strong></span> <span class='ocrx_word' id='word_1_155' title='bbox 1131 2263 1259 2324; x_wconf 90' lang='lat' dir='ltr'><strong>quocum</strong></span> <span class='ocrx_word' id='word_1_156' title='bbox 1290 2240 1431 2306; x_wconf 75' lang='lat' dir='ltr'><strong>‘horrido</strong></span> 
     </span>
     <span class='ocr_line' id='line_1_20' title="bbox 263 2336 1430 2423; baseline 0 -22"><span class='ocrx_word' id='word_1_157' title='bbox 263 2336 414 2402; x_wconf 84' lang='lat' dir='ltr'><strong>bruchiis&#39;</strong></span> <span class='ocrx_word' id='word_1_158' title='bbox 439 2352 634 2423; x_wconf 89' lang='lat' dir='ltr'><strong>comparatur,</strong></span> <span class='ocrx_word' id='word_1_159' title='bbox 658 2343 686 2402; x_wconf 90' lang='lat' dir='ltr'><strong>id</strong></span> <span class='ocrx_word' id='word_1_160' title='bbox 711 2351 757 2402; x_wconf 90' lang='lat' dir='ltr'><strong>est</strong></span> <span class='ocrx_word' id='word_1_161' title='bbox 780 2339 921 2403; x_wconf 74' lang='lat' dir='ltr'><strong>‘horrido</strong></span> <span class='ocrx_word' id='word_1_162' title='bbox 943 2339 1104 2418; x_wconf 85' lang='lat' dir='ltr'><strong>iuuentus&#39;,</strong></span> <span class='ocrx_word' id='word_1_163' title='bbox 1129 2353 1161 2404; x_wconf 93' lang='lat' dir='ltr'><strong>ut</strong></span> <span class='ocrx_word' id='word_1_164' title='bbox 1180 2352 1226 2405; x_wconf 92' lang='lat' dir='ltr'><strong>est</strong></span> <span class='ocrx_word' id='word_1_165' title='bbox 1245 2342 1321 2422; x_wconf 86' lang='lat' dir='ltr'><strong>apud</strong></span> <span class='ocrx_word' id='word_1_166' title='bbox 1342 2344 1430 2402; x_wconf 78' lang='lat' dir='ltr'><strong>Acro·</strong></span> 
     </span>
     <span class='ocr_line' id='line_1_21' title="bbox 264 2435 1431 2517; baseline 0.002 -19"><span class='ocrx_word' id='word_1_167' title='bbox 264 2457 329 2499; x_wconf 94' lang='lat' dir='ltr'><strong>nem</strong></span> <span class='ocrx_word' id='word_1_168' title='bbox 353 2440 390 2500; x_wconf 79' lang='lat' dir='ltr'><strong>h:</strong></span> <span class='ocrx_word' id='word_1_169' title='bbox 419 2436 542 2502; x_wconf 74' lang='lat' dir='ltr'><strong>‘Melius</strong></span> <span class='ocrx_word' id='word_1_170' title='bbox 565 2445 750 2516; x_wconf 78' lang='lat' dir='ltr'><strong>inteilepitur</strong></span> <span class='ocrx_word' id='word_1_171' title='bbox 774 2435 944 2501; x_wconf 75' lang='lat' dir='ltr'><strong>‘horrida</strong></span> <span class='ocrx_word' id='word_1_172' title='bbox 968 2436 1153 2503; x_wconf 86' lang='lat' dir='ltr'><strong>iuuentus&#39;</strong></span> <span class='ocrx_word' id='word_1_173' title='bbox 1177 2460 1267 2517; x_wconf 81' lang='lat' dir='ltr'><strong>quom</strong></span> <span class='ocrx_word' id='word_1_174' title='bbox 1290 2438 1431 2502; x_wconf 74' lang='lat' dir='ltr'><strong>‘horrido</strong></span> 
     </span>
     <span class='ocr_line' id='line_1_22' title="bbox 263 2534 1431 2620; baseline -0.002 -22"><span class='ocrx_word' id='word_1_175' title='bbox 263 2534 439 2599; x_wconf 84' lang='lat' dir='ltr'><strong>bruchiis’.’</strong></span> <span class='ocrx_word' id='word_1_176' title='bbox 487 2539 589 2619; x_wconf 84' lang='lat' dir='ltr'><strong>ltaque</strong></span> <span class='ocrx_word' id='word_1_177' title='bbox 613 2540 661 2600; x_wconf 91' lang='lat' dir='ltr'><strong>illa</strong></span> <span class='ocrx_word' id='word_1_178' title='bbox 686 2539 774 2600; x_wconf 86' lang='lat' dir='ltr'><strong>verba</strong></span> <span class='ocrx_word' id='word_1_179' title='bbox 799 2539 875 2618; x_wconf 91' lang='lat' dir='ltr'><strong>apud</strong></span> <span class='ocrx_word' id='word_1_180' title='bbox 900 2539 1146 2620; x_wconf 87' lang='lat' dir='ltr'><strong>Porphyrionem,</strong></span> <span class='ocrx_word' id='word_1_181' title='bbox 1171 2538 1223 2600; x_wconf 93' lang='lat' dir='ltr'><strong>ubi</strong></span> <span class='ocrx_word' id='word_1_182' title='bbox 1246 2539 1431 2600; x_wconf 87' lang='lat' dir='ltr'><strong>aberratione</strong></span> 
     </span>
     <span class='ocr_line' id='line_1_23' title="bbox 263 2636 963 2717; baseline 0.001 -22"><span class='ocrx_word' id='word_1_183' title='bbox 263 2636 375 2696; x_wconf 89' lang='lat' dir='ltr'><strong>librarii</strong></span> <span class='ocrx_word' id='word_1_184' title='bbox 399 2640 505 2699; x_wconf 84' lang='lat' dir='ltr'><strong>omissa</strong></span> <span class='ocrx_word' id='word_1_185' title='bbox 530 2658 595 2699; x_wconf 92' lang='lat' dir='ltr'><strong>esse</strong></span> <span class='ocrx_word' id='word_1_186' title='bbox 619 2646 705 2717; x_wconf 84' lang='lat' dir='ltr'><strong>puto,</strong></span> <span class='ocrx_word' id='word_1_187' title='bbox 729 2637 861 2698; x_wconf 89' lang='lat' dir='ltr'><strong>addenda</strong></span> <span class='ocrx_word' id='word_1_188' title='bbox 886 2645 963 2698; x_wconf 90' lang='lat' dir='ltr'><strong>sunt.</strong></span> 
     </span>
    </p>

    <p class='ocr_par' dir='ltr' id='par_1_4' title="bbox 263 2731 1432 3698">
     <span class='ocr_line' id='line_1_24' title="bbox 353 2731 1431 2816; baseline 0.002 -23"><span class='ocrx_word' id='word_1_189' title='bbox 353 2734 387 2793; x_wconf 88' lang='lat' dir='ltr'><strong>ad</strong></span> <span class='ocrx_word' id='word_1_190' title='bbox 412 2755 437 2795; x_wconf 90' lang='lat' dir='ltr'><strong>c.</strong></span> <span class='ocrx_word' id='word_1_191' title='bbox 456 2735 496 2794; x_wconf 93' lang='lat' dir='ltr'><strong>lll</strong></span> <span class='ocrx_word' id='word_1_192' title='bbox 515 2733 535 2797; x_wconf 81' lang='lat'>5</span> <span class='ocrx_word' id='word_1_193' title='bbox 555 2739 607 2796; x_wconf 88' lang='lat' dir='ltr'><strong>in:</strong></span> <span class='ocrx_word' id='word_1_194' title='bbox 632 2731 737 2796; x_wconf 80' lang='lat' dir='ltr'><strong>‘Coelo</strong></span> <span class='ocrx_word' id='word_1_195' title='bbox 761 2743 912 2796; x_wconf 84' lang='lat' dir='ltr'><strong>touuutem</strong></span> <span class='ocrx_word' id='word_1_196' title='bbox 936 2738 1123 2798; x_wconf 79' lang='lat' dir='ltr'><strong>credidimus</strong></span> <span class='ocrx_word' id='word_1_197' title='bbox 1142 2739 1166 2796; x_wconf 92' lang='lat' dir='ltr'><strong>I.</strong></span> <span class='ocrx_word' id='word_1_198' title='bbox 1186 2732 1231 2816; x_wconf 78' lang='lat' dir='ltr'><strong>r]</strong></span> <span class='ocrx_word' id='word_1_199' title='bbox 1251 2735 1364 2812; x_wconf 83' lang='lat' dir='ltr'><strong>samue,</strong></span> <span class='ocrx_word' id='word_1_200' title='bbox 1388 2739 1431 2795; x_wconf 90' lang='lat' dir='ltr'><strong>iu-</strong></span> 
     </span>
     <span class='ocr_line' id='line_1_25' title="bbox 264 2836 1432 2911; baseline 0.001 -19"><span class='ocrx_word' id='word_1_201' title='bbox 264 2836 339 2908; x_wconf 77' lang='lat' dir='ltr'><strong>quit,</strong></span> <span class='ocrx_word' id='word_1_202' title='bbox 373 2841 487 2894; x_wconf 87' lang='lat' dir='ltr'><strong>tuntum</strong></span> <span class='ocrx_word' id='word_1_203' title='bbox 521 2838 559 2896; x_wconf 88' lang='lat' dir='ltr'><strong>de</strong></span> <span class='ocrx_word' id='word_1_204' title='bbox 587 2837 667 2896; x_wconf 84' lang='lat' dir='ltr'><strong>Iouis</strong></span> <span class='ocrx_word' id='word_1_205' title='bbox 695 2837 903 2909; x_wconf 77' lang='lat' dir='ltr'><strong>mapuitudiue</strong></span> <span class='ocrx_word' id='word_1_206' title='bbox 931 2837 1096 2910; x_wconf 85' lang='lat' dir='ltr'><strong>credimus,</strong></span> <span class='ocrx_word' id='word_1_207' title='bbox 1129 2841 1241 2911; x_wconf 80' lang='lat' dir='ltr'><strong>quanto</strong></span> <span class='ocrx_word' id='word_1_208' title='bbox 1269 2838 1367 2910; x_wconf 68' lang='lat' dir='ltr'><strong>mauis</strong></span> <span class='ocrx_word' id='word_1_209' title='bbox 1395 2836 1432 2894; x_wconf 90' lang='lat' dir='ltr'><strong>de</strong></span> 
     </span>
     <span class='ocr_line' id='line_1_26' title="bbox 264 2933 1432 3010; baseline 0 -19"><span class='ocrx_word' id='word_1_210' title='bbox 264 2933 394 3006; x_wconf 77' lang='lat' dir='ltr'><strong>Aupusti</strong></span> <span class='ocrx_word' id='word_1_211' title='bbox 420 2936 605 2994; x_wconf 85' lang='lat' dir='ltr'><strong>eredendum</strong></span> <span class='ocrx_word' id='word_1_212' title='bbox 631 2940 686 3007; x_wconf 87' lang='lat' dir='ltr'><strong>est,</strong></span> <span class='ocrx_word' id='word_1_213' title='bbox 719 2935 807 2992; x_wconf 86' lang='lat' dir='ltr'><strong>cuius</strong></span> <span class='ocrx_word' id='word_1_214' title='bbox 835 2936 962 2994; x_wconf 85' lang='lat' dir='ltr'><strong>uirtutes</strong></span> <span class='ocrx_word' id='word_1_215' title='bbox 994 2941 1024 2994; x_wconf 91' lang='lat' dir='ltr'><strong>et</strong></span> <span class='ocrx_word' id='word_1_216' title='bbox 1051 2937 1217 3010; x_wconf 84' lang='lat' dir='ltr'><strong>potentium</strong></span> <span class='ocrx_word' id='word_1_217' title='bbox 1245 2950 1345 2993; x_wconf 87' lang='lat' dir='ltr'><strong>omues</strong></span> <span class='ocrx_word' id='word_1_218' title='bbox 1372 2949 1432 2991; x_wconf 86' lang='lat' dir='ltr'><strong>uon</strong></span> 
     </span>
     <span class='ocr_line' id='line_1_27' title="bbox 264 3024 1432 3113; baseline -0.003 -23"><span class='ocrx_word' id='word_1_219' title='bbox 264 3033 416 3101; x_wconf 84' lang='lat' dir='ltr'><strong>eudimus,</strong></span> <span class='ocrx_word' id='word_1_220' title='bbox 444 3035 499 3092; x_wconf 88' lang='lat' dir='ltr'><strong>sed</strong></span> <span class='ocrx_word' id='word_1_221' title='bbox 525 3024 690 3091; x_wconf 78' lang='lat' dir='ltr'><strong>uidemusl&#39;</strong></span> <span class='ocrx_word' id='word_1_222' title='bbox 723 3063 759 3072; x_wconf 92' lang='lat'>—</span> <span class='ocrx_word' id='word_1_223' title='bbox 795 3024 1102 3113; x_wconf 75' lang='lat' dir='ltr'><strong>Petschenigiusl)</strong></span> <span class='ocrx_word' id='word_1_224' title='bbox 1131 3038 1210 3103; x_wconf 67' lang='lat' dir='ltr'><strong>ante⁵</strong></span> <span class='ocrx_word' id='word_1_225' title='bbox 1227 3024 1355 3104; x_wconf 77' lang='lat' dir='ltr'><strong>‘samue&#39;</strong></span> <span class='ocrx_word' id='word_1_226' title='bbox 1383 3027 1432 3087; x_wconf 88' lang='lat' dir='ltr'><strong>ad-</strong></span> 
     </span>
     <span class='ocr_line' id='line_1_28' title="bbox 264 3120 1432 3208; baseline 0 -22"><span class='ocrx_word' id='word_1_227' title='bbox 264 3127 378 3187; x_wconf 90' lang='lat' dir='ltr'><strong>diderat</strong></span> <span class='ocrx_word' id='word_1_228' title='bbox 403 3123 464 3202; x_wconf 77' lang='lat' dir='ltr'><strong>‘si&#39;,</strong></span> <span class='ocrx_word' id='word_1_229' title='bbox 489 3128 565 3206; x_wconf 86' lang='lat' dir='ltr'><strong>quod</strong></span> <span class='ocrx_word' id='word_1_230' title='bbox 591 3128 781 3187; x_wconf 85' lang='lat' dir='ltr'><strong>confirmatur</strong></span> <span class='ocrx_word' id='word_1_231' title='bbox 805 3127 929 3186; x_wconf 78' lang='lat' dir='ltr'><strong>Acconis</strong></span> <span class='ocrx_word' id='word_1_232' title='bbox 953 3127 976 3184; x_wconf 82' lang='grc' dir='ltr'><strong>Α</strong></span> <span class='ocrx_word' id='word_1_233' title='bbox 1002 3127 1127 3208; x_wconf 85' lang='lat' dir='ltr'><strong>scholio,</strong></span> <span class='ocrx_word' id='word_1_234' title='bbox 1151 3127 1229 3206; x_wconf 91' lang='lat' dir='ltr'><strong>quod</strong></span> <span class='ocrx_word' id='word_1_235' title='bbox 1254 3136 1312 3187; x_wconf 89' lang='lat' dir='ltr'><strong>est:</strong></span> <span class='ocrx_word' id='word_1_236' title='bbox 1336 3120 1432 3201; x_wconf 70' lang='lat' dir='ltr'><strong>‘Erqo</strong></span> 
     </span>
     <span class='ocr_line' id='line_1_29' title="bbox 263 3223 1432 3300; baseline 0.001 -17"><span class='ocrx_word' id='word_1_237' title='bbox 263 3229 296 3284; x_wconf 88' lang='lat' dir='ltr'><strong>si</strong></span> <span class='ocrx_word' id='word_1_238' title='bbox 315 3223 431 3300; x_wconf 81' lang='lat' dir='ltr'><strong>samue,</strong></span> <span class='ocrx_word' id='word_1_239' title='bbox 456 3228 565 3300; x_wconf 81' lang='lat' dir='ltr'><strong>iuquit,</strong></span> <span class='ocrx_word' id='word_1_240' title='bbox 589 3232 704 3285; x_wconf 84' lang='lat' dir='ltr'><strong>tuntum</strong></span> <span class='ocrx_word' id='word_1_241' title='bbox 728 3227 765 3285; x_wconf 88' lang='lat' dir='ltr'><strong>de</strong></span> <span class='ocrx_word' id='word_1_242' title='bbox 790 3225 870 3285; x_wconf 82' lang='lat' dir='ltr'><strong>Iouis</strong></span> <span class='ocrx_word' id='word_1_243' title='bbox 893 3227 1102 3299; x_wconf 76' lang='lat' dir='ltr'><strong>mopuitudine</strong></span> <span class='ocrx_word' id='word_1_244' title='bbox 1125 3229 1290 3300; x_wconf 84' lang='lat' dir='ltr'><strong>credimus,</strong></span> <span class='ocrx_word' id='word_1_245' title='bbox 1319 3231 1432 3299; x_wconf 79' lang='lat' dir='ltr'><strong>quanto</strong></span> 
     </span>
     <span class='ocr_line' id='line_1_30' title="bbox 263 3318 1430 3399; baseline -0.003 -17"><span class='ocrx_word' id='word_1_246' title='bbox 263 3327 359 3398; x_wconf 72' lang='lat' dir='ltr'><strong>moysis</strong></span> <span class='ocrx_word' id='word_1_247' title='bbox 387 3327 424 3384; x_wconf 87' lang='lat' dir='ltr'><strong>de</strong></span> <span class='ocrx_word' id='word_1_248' title='bbox 448 3325 578 3399; x_wconf 73' lang='lat' dir='ltr'><strong>Aupusti</strong></span> <span class='ocrx_word' id='word_1_249' title='bbox 600 3324 758 3383; x_wconf 81' lang='lat' dir='ltr'><strong>diuinitate</strong></span> <span class='ocrx_word' id='word_1_250' title='bbox 781 3325 968 3384; x_wconf 85' lang='lat' dir='ltr'><strong>eredendum</strong></span> <span class='ocrx_word' id='word_1_251' title='bbox 992 3330 1037 3384; x_wconf 86' lang='lat' dir='ltr'><strong>est</strong></span> <span class='ocrx_word' id='word_1_252' title='bbox 1061 3331 1091 3384; x_wconf 89' lang='lat' dir='ltr'><strong>et</strong></span> <span class='ocrx_word' id='word_1_253' title='bbox 1114 3342 1140 3398; x_wconf 82' lang='lat' dir='ltr'><strong>q.</strong></span> <span class='ocrx_word' id='word_1_254' title='bbox 1163 3318 1211 3394; x_wconf 89' lang='lat' dir='ltr'><strong>s.’;</strong></span> <span class='ocrx_word' id='word_1_255' title='bbox 1235 3320 1308 3382; x_wconf 88' lang='lat' dir='ltr'><strong>male</strong></span> <span class='ocrx_word' id='word_1_256' title='bbox 1332 3329 1430 3381; x_wconf 85' lang='lat' dir='ltr'><strong>autern</strong></span> 
     </span>
     <span class='ocr_line' id='line_1_31' title="bbox 264 3409 1432 3500; baseline -0.001 -20"><span class='ocrx_word' id='word_1_257' title='bbox 264 3421 476 3482; x_wconf 86' lang='lat' dir='ltr'><strong>Hautbalius</strong></span> <span class='ocrx_word' id='word_1_258' title='bbox 500 3421 530 3480; x_wconf 91' lang='lat' dir='ltr'><strong>iu</strong></span> <span class='ocrx_word' id='word_1_259' title='bbox 551 3420 679 3480; x_wconf 89' lang='lat' dir='ltr'><strong>editione</strong></span> <span class='ocrx_word' id='word_1_260' title='bbox 699 3439 750 3481; x_wconf 86' lang='lat' dir='ltr'><strong>sua</strong></span> <span class='ocrx_word' id='word_1_261' title='bbox 770 3439 806 3481; x_wconf 85' lang='lat' dir='ltr'><strong>ex</strong></span> <span class='ocrx_word' id='word_1_262' title='bbox 825 3421 940 3482; x_wconf 80' lang='lat' dir='ltr'><strong>Acrone</strong></span> <span class='ocrx_word' id='word_1_263' title='bbox 960 3423 990 3480; x_wconf 93' lang='lat' dir='ltr'><strong>in</strong></span> <span class='ocrx_word' id='word_1_264' title='bbox 1009 3421 1221 3500; x_wconf 83' lang='lat' dir='ltr'><strong>Porphyrionis</strong></span> <span class='ocrx_word' id='word_1_265' title='bbox 1241 3409 1329 3479; x_wconf 86' lang='lat' dir='ltr'><strong>verb&#39;a</strong></span> <span class='ocrx_word' id='word_1_266' title='bbox 1348 3437 1432 3479; x_wconf 84' lang='lat' dir='ltr'><strong>voca·</strong></span> 
     </span>
     <span class='ocr_line' id='line_1_32' title="bbox 264 3512 1432 3597; baseline 0 -20"><span class='ocrx_word' id='word_1_267' title='bbox 264 3517 366 3578; x_wconf 90' lang='lat' dir='ltr'><strong>bulum</strong></span> <span class='ocrx_word' id='word_1_268' title='bbox 391 3512 576 3579; x_wconf 73' lang='lat' dir='ltr'><strong>‘diuinitate&#39;</strong></span> <span class='ocrx_word' id='word_1_269' title='bbox 601 3520 739 3597; x_wconf 84' lang='lat' dir='ltr'><strong>inseruit,</strong></span> <span class='ocrx_word' id='word_1_270' title='bbox 763 3537 831 3579; x_wconf 91' lang='lat' dir='ltr'><strong>nam</strong></span> <span class='ocrx_word' id='word_1_271' title='bbox 853 3518 926 3579; x_wconf 89' lang='lat' dir='ltr'><strong>haec</strong></span> <span class='ocrx_word' id='word_1_272' title='bbox 950 3519 1061 3596; x_wconf 89' lang='lat' dir='ltr'><strong>ellipsis</strong></span> <span class='ocrx_word' id='word_1_273' title='bbox 1085 3521 1204 3578; x_wconf 88' lang='lat' dir='ltr'><strong>minime</strong></span> <span class='ocrx_word' id='word_1_274' title='bbox 1229 3526 1341 3596; x_wconf 85' lang='lat' dir='ltr'><strong>pugnat</strong></span> <span class='ocrx_word' id='word_1_275' title='bbox 1365 3536 1432 3578; x_wconf 92' lang='lat' dir='ltr'><strong>cum</strong></span> 
     </span>
     <span class='ocr_line' id='line_1_33' title="bbox 264 3610 896 3698; baseline -0.002 -22"><span class='ocrx_word' id='word_1_276' title='bbox 264 3616 476 3695; x_wconf 89' lang='lat' dir='ltr'><strong>Porphyrionis</strong></span> <span class='ocrx_word' id='word_1_277' title='bbox 500 3616 713 3675; x_wconf 89' lang='lat' dir='ltr'><strong>consuetudine</strong></span> <span class='ocrx_word' id='word_1_278' title='bbox 737 3610 896 3698; x_wconf 71' lang='lat' dir='ltr'><strong>dicendi2)</strong></span> 
     </span>
    </p>

    <p class='ocr_par' dir='ltr' id='par_1_5' title="bbox 263 3709 1432 4283">
     <span class='ocr_line' id='line_1_34' title="bbox 354 3709 1432 3790; baseline 0 -16"><span class='ocrx_word' id='word_1_279' title='bbox 354 3714 389 3774; x_wconf 89' lang='lat' dir='ltr'><strong>ad</strong></span> <span class='ocrx_word' id='word_1_280' title='bbox 414 3733 438 3774; x_wconf 92' lang='lat' dir='ltr'><strong>c.</strong></span> <span class='ocrx_word' id='word_1_281' title='bbox 462 3709 550 3787; x_wconf 86' lang='lat'><strong>1115,</strong></span> <span class='ocrx_word' id='word_1_282' title='bbox 570 3709 625 3773; x_wconf 79' lang='lat'><strong>27:</strong></span> <span class='ocrx_word' id='word_1_283' title='bbox 649 3709 756 3789; x_wconf 78' lang='lat' dir='ltr'><strong>‘neque</strong></span> <span class='ocrx_word' id='word_1_284' title='bbox 779 3717 903 3775; x_wconf 74' lang='lat' dir='ltr'><strong>amissos</strong></span> <span class='ocrx_word' id='word_1_285' title='bbox 927 3719 1042 3776; x_wconf 85' lang='lat' dir='ltr'><strong>colores</strong></span> <span class='ocrx_word' id='word_1_286' title='bbox 1066 3719 1137 3775; x_wconf 83' lang='lat' dir='ltr'><strong>iuno</strong></span> <span class='ocrx_word' id='word_1_287' title='bbox 1161 3713 1258 3790; x_wconf 79' lang='lat' dir='ltr'><strong>refert</strong></span> <span class='ocrx_word' id='word_1_288' title='bbox 1280 3717 1432 3775; x_wconf 83' lang='lat' dir='ltr'><strong>medicata</strong></span> 
     </span>
     <span class='ocr_line' id='line_1_35' title="bbox 263 3807 1431 3891; baseline 0.001 -19"><span class='ocrx_word' id='word_1_289' title='bbox 263 3807 364 3891; x_wconf 82' lang='lat' dir='ltr'><strong>fuco]</strong></span> <span class='ocrx_word' id='word_1_290' title='bbox 388 3815 517 3884; x_wconf 73' lang='lat' dir='ltr'><strong>uliano,</strong></span> <span class='ocrx_word' id='word_1_291' title='bbox 536 3813 640 3885; x_wconf 80' lang='lat' dir='ltr'><strong>inquit,</strong></span> <span class='ocrx_word' id='word_1_292' title='bbox 659 3815 810 3872; x_wconf 82' lang='lat' dir='ltr'><strong>medicato</strong></span> <span class='ocrx_word' id='word_1_293' title='bbox 825 3815 929 3872; x_wconf 87' lang='lat' dir='ltr'><strong>idest</strong></span> <span class='ocrx_word' id='word_1_294' title='bbox 943 3811 1083 3888; x_wconf 83' lang='lat' dir='ltr'><strong>insecta</strong></span> <span class='ocrx_word' id='word_1_295' title='bbox 1098 3830 1260 3888; x_wconf 79' lang='lat' dir='ltr'><strong>numquam</strong></span> <span class='ocrx_word' id='word_1_296' title='bbox 1275 3815 1319 3873; x_wconf 88' lang='lat' dir='ltr'><strong>ad</strong></span> <span class='ocrx_word' id='word_1_297' title='bbox 1326 3816 1431 3889; x_wconf 82' lang='lat' dir='ltr'><strong>pristi-</strong></span> 
     </span>
     <span class='ocr_line' id='line_1_36' title="bbox 265 3906 1431 3989; baseline 0 -19"><span class='ocrx_word' id='word_1_298' title='bbox 265 3928 335 3971; x_wconf 85' lang='lat' dir='ltr'><strong>num</strong></span> <span class='ocrx_word' id='word_1_299' title='bbox 359 3914 440 3971; x_wconf 87' lang='lat' dir='ltr'><strong>redit</strong></span> <span class='ocrx_word' id='word_1_300' title='bbox 462 3913 601 3989; x_wconf 87' lang='lat' dir='ltr'><strong>colorem,</strong></span> <span class='ocrx_word' id='word_1_301' title='bbox 625 3912 667 3970; x_wconf 85' lang='lat' dir='ltr'><strong>ito</strong></span> <span class='ocrx_word' id='word_1_302' title='bbox 686 3914 770 3972; x_wconf 88' lang='lat' dir='ltr'><strong>miles</strong></span> <span class='ocrx_word' id='word_1_303' title='bbox 785 3958 791 3969; x_wconf 94' lang='lat'><em>.</em></span> <span class='ocrx_word' id='word_1_304' title='bbox 806 3955 814 3972; x_wconf 86' lang='lat'><strong>.</strong></span> <span class='ocrx_word' id='word_1_305' title='bbox 829 3956 835 3969; x_wconf 89' lang='lat'><strong>.</strong></span> <span class='ocrx_word' id='word_1_306' title='bbox 850 3930 910 3972; x_wconf 87' lang='lat' dir='ltr'><strong>nou</strong></span> <span class='ocrx_word' id='word_1_307' title='bbox 929 3914 988 3970; x_wconf 89' lang='lat' dir='ltr'><strong>erit</strong></span> <span class='ocrx_word' id='word_1_308' title='bbox 1003 3906 1114 3987; x_wconf 68' lang='lat' dir='ltr'><strong>sortis?</strong></span> <span class='ocrx_word' id='word_1_309' title='bbox 1152 3909 1344 3970; x_wconf 82' lang='lat' dir='ltr'><strong>Conferamus</strong></span> <span class='ocrx_word' id='word_1_310' title='bbox 1362 3928 1431 3970; x_wconf 85' lang='lat' dir='ltr'><strong>curn</strong></span> 
     </span>
     <span class='ocr_line' id='line_1_37' title="bbox 265 4003 1431 4088; baseline 0.002 -22"><span class='ocrx_word' id='word_1_311' title='bbox 265 4007 321 4066; x_wconf 94' lang='lat' dir='ltr'><strong>boc</strong></span> <span class='ocrx_word' id='word_1_312' title='bbox 345 4007 465 4088; x_wconf 84' lang='lat' dir='ltr'><strong>scholio,</strong></span> <span class='ocrx_word' id='word_1_313' title='bbox 488 4025 563 4085; x_wconf 87' lang='lat' dir='ltr'><strong>quae</strong></span> <span class='ocrx_word' id='word_1_314' title='bbox 582 4005 658 4084; x_wconf 88' lang='lat' dir='ltr'><strong>apud</strong></span> <span class='ocrx_word' id='word_1_315' title='bbox 678 4009 824 4068; x_wconf 78' lang='lat' dir='ltr'><strong>Aaronem</strong></span> <span class='ocrx_word' id='word_1_316' title='bbox 844 4011 867 4067; x_wconf 79' lang='grc' dir='ltr'>Α</span> <span class='ocrx_word' id='word_1_317' title='bbox 886 4009 1065 4070; x_wconf 89' lang='lat' dir='ltr'><strong>invenimus:</strong></span> <span class='ocrx_word' id='word_1_318' title='bbox 1089 4003 1188 4069; x_wconf 77' lang='lat' dir='ltr'><strong>‘Sicut</strong></span> <span class='ocrx_word' id='word_1_319' title='bbox 1207 4007 1302 4084; x_wconf 82' lang='lat' dir='ltr'><strong>suco,</strong></span> <span class='ocrx_word' id='word_1_320' title='bbox 1327 4013 1431 4084; x_wconf 81' lang='lat' dir='ltr'><strong>inquit,</strong></span> 
     </span>
     <span class='ocr_line' id='line_1_38' title="bbox 265 4106 1431 4182; baseline 0 -16"><span class='ocrx_word' id='word_1_321' title='bbox 265 4110 338 4166; x_wconf 84' lang='lat' dir='ltr'><strong>iona</strong></span> <span class='ocrx_word' id='word_1_322' title='bbox 366 4107 516 4165; x_wconf 82' lang='lat' dir='ltr'><strong>medicato</strong></span> <span class='ocrx_word' id='word_1_323' title='bbox 544 4106 587 4164; x_wconf 85' lang='lat' dir='ltr'><strong>ad</strong></span> <span class='ocrx_word' id='word_1_324' title='bbox 609 4107 772 4180; x_wconf 85' lang='lat' dir='ltr'><strong>pristinum</strong></span> <span class='ocrx_word' id='word_1_325' title='bbox 796 4110 857 4166; x_wconf 84' lang='lat' dir='ltr'><strong>ium</strong></span> <span class='ocrx_word' id='word_1_326' title='bbox 879 4124 939 4166; x_wconf 86' lang='lat' dir='ltr'><strong>nou</strong></span> <span class='ocrx_word' id='word_1_327' title='bbox 959 4114 1057 4182; x_wconf 86' lang='lat' dir='ltr'><strong>potest</strong></span> <span class='ocrx_word' id='word_1_328' title='bbox 1080 4111 1210 4168; x_wconf 88' lang='lat' dir='ltr'><strong>colorem</strong></span> <span class='ocrx_word' id='word_1_329' title='bbox 1233 4110 1359 4180; x_wconf 84' lang='lat' dir='ltr'><strong>reuerti,</strong></span> <span class='ocrx_word' id='word_1_330' title='bbox 1388 4111 1431 4166; x_wconf 85' lang='lat' dir='ltr'><strong>ita</strong></span> 
     </span>
     <span class='ocr_line' id='line_1_39' title="bbox 265 4198 1431 4283; baseline 0.001 -20"><span class='ocrx_word' id='word_1_331' title='bbox 265 4205 350 4264; x_wconf 90' lang='lat' dir='ltr'><strong>miles</strong></span> <span class='ocrx_word' id='word_1_332' title='bbox 378 4198 445 4263; x_wconf 88' lang='lat' dir='ltr'><strong>etc.&#39;</strong></span> <span class='ocrx_word' id='word_1_333' title='bbox 494 4202 578 4280; x_wconf 76' lang='lat' dir='ltr'><strong>Apud</strong></span> <span class='ocrx_word' id='word_1_334' title='bbox 602 4201 835 4283; x_wconf 88' lang='lat' dir='ltr'><strong>Porphyrionem</strong></span> <span class='ocrx_word' id='word_1_335' title='bbox 864 4204 1050 4264; x_wconf 89' lang='lat' dir='ltr'><strong>desideratur</strong></span> <span class='ocrx_word' id='word_1_336' title='bbox 1077 4204 1220 4265; x_wconf 88' lang='lat' dir='ltr'><strong>ablativus</strong></span> <span class='ocrx_word' id='word_1_337' title='bbox 1244 4199 1353 4280; x_wconf 80' lang='lat' dir='ltr'><strong>‘suco&#39;‚</strong></span> <span class='ocrx_word' id='word_1_338' title='bbox 1381 4207 1431 4283; x_wconf 90' lang='lat' dir='ltr'><strong>qui</strong></span> 
     </span>
    </p>
   </div>
   <div class='ocr_carea' id='block_1_3' title="bbox 306 4413 784 4584">
    <p class='ocr_par' dir='ltr' id='par_1_6' title="bbox 306 4413 784 4584">
     <span class='ocr_line' id='line_1_40' title="bbox 306 4413 622 4500; baseline 0.009 -18"><span class='ocrx_word' id='word_1_339' title='bbox 306 4413 309 4418; x_wconf 82' lang='lat'>&#39;</span> <span class='ocrx_word' id='word_1_340' title='bbox 356 4430 382 4500; x_wconf 91' lang='lat'><strong>1)</strong></span> <span class='ocrx_word' id='word_1_341' title='bbox 403 4434 478 4498; x_wconf 74' lang='lat' dir='ltr'><strong>rste,</strong></span> <span class='ocrx_word' id='word_1_342' title='bbox 497 4448 524 4499; x_wconf 81' lang='lat' dir='ltr'><strong>p.</strong></span> <span class='ocrx_word' id='word_1_343' title='bbox 539 4435 582 4484; x_wconf 80' lang='lat' dir='ltr'><strong>m.</strong></span> <span class='ocrx_word' id='word_1_344' title='bbox 616 4449 622 4463; x_wconf 74' lang='lat'>=</span> 
     </span>
     <span class='ocr_line' id='line_1_41' title="bbox 355 4509 784 4584; baseline 0.012 -21"><span class='ocrx_word' id='word_1_345' title='bbox 355 4510 382 4580; x_wconf 81' lang='lat'><strong>2)</strong></span> <span class='ocrx_word' id='word_1_346' title='bbox 401 4509 441 4562; x_wconf 80' lang='lat' dir='ltr'><strong>df.</strong></span> <span class='ocrx_word' id='word_1_347' title='bbox 463 4511 536 4564; x_wconf 85' lang='lat' dir='ltr'><strong>Urba</strong></span> <span class='ocrx_word' id='word_1_348' title='bbox 554 4510 572 4565; x_wconf 94' lang='lat' dir='ltr'><strong>l.</strong></span> <span class='ocrx_word' id='word_1_349' title='bbox 593 4528 615 4565; x_wconf 80' lang='lat' dir='ltr'><strong>o,</strong></span> <span class='ocrx_word' id='word_1_350' title='bbox 635 4530 660 4581; x_wconf 93' lang='lat' dir='ltr'><strong>p.</strong></span> <span class='ocrx_word' id='word_1_351' title='bbox 681 4517 715 4566; x_wconf 80' lang='lat'><strong>59</strong></span> <span class='ocrx_word' id='word_1_352' title='bbox 725 4528 784 4584; x_wconf 84' lang='lat' dir='ltr'><strong>sqq.</strong></span> 
     </span>
    </p>
   </div>
   <div class='ocr_carea' id='block_1_4' title="bbox 0 0 1590 5238">
    <p class='ocr_par' dir='ltr' id='par_1_7' title="bbox 0 0 1590 5238">
     <span class='ocr_line' id='line_1_42' title="bbox 0 0 1590 5238; baseline 0 0"><span class='ocrx_word' id='word_1_353' title='bbox 0 0 1590 5238; x_wconf 95' lang='lat' dir='ltr'><strong> </strong></span> 
     </span>
    </p>
   </div>
  </div>
 </body>
</html>
