3162 5238
719 380 958 444 -116-

253 566 376 626 Acronis
395 566 418 625 A
439 553 546 625 anxilio
570 566 614 624 uti
637 580 809 642 possumus3
833 579 891 620 non
915 562 993 620 enim
1018 558 1129 640 dubito,
1153 562 1224 638 quin
1248 557 1350 619 verbe:
1374 553 1417 618 ‘in

253 664 389 723 Barinen
413 655 617 723 meretricem'
643 678 678 720 ex
701 660 862 736 integriore
880 658 1092 737 Porphyrionis
1112 658 1245 736 exemplo
1264 657 1416 734 desumpta

254 763 320 819 sint.
362 759 464 839 itaque
488 758 677 820 scribendum
701 766 759 817 est:
782 752 976 817 ‘Scaenicum
995 759 1181 834 principium
1205 753 1259 835 <in
1282 756 1417 815 Barinen

253 855 473 939 meretricem>
525 858 761 932 Intellepenrlum
789 858 868 914 enlm
896 859 1012 930 aliquos
1039 872 1191 915 sermones
1215 856 1419 930 praecessisse

255 957 363 1031 quibus
387 957 502 1016 Barine
525 958 602 1017 baec
626 949 693 1015 etc.'

342 1052 362 1129 ξ
381 1051 432 1114 31.
469 1054 503 1113 od
524 1072 548 1113 c.
567 1049 730 1130 1115,17:
754 1045 821 1111 ‘nec
837 1049 998 1124 fortuitum
1016 1069 1162 1127 spernere
1179 1053 1319 1127 cespitem
1338 1053 1418 1124 lepes

253 1147 410 1231 sinebant]
433 1170 537 1212 sensus
561 1157 590 1211 et
612 1152 687 1210 ordo
711 1151 761 1210 bic
785 1155 842 1209 est:
867 1167 924 1209 nec
947 1150 1087 1210 sinebant
1109 1150 1250 1222 leplbus
1273 1165 1418 1223 spernere

255 1253 396 1325 cespitem
425 1249 585 1324 fortuitum
619 1249 652 1306 nl
678 1253 735 1306 est:
767 1263 826 1306 non
854 1248 965 1306 licebat
992 1248 1128 1306 inridere
1154 1262 1221 1306 eum
1249 1248 1302 1319 qui
1326 1261 1419 1319 super

252 1350 393 1423 stipatam
423 1350 470 1406 uel
494 1364 586 1422 super
613 1345 738 1404 herbam
766 1345 957 1403 recumberet
984 1351 1037 1403 aut
1065 1346 1223 1421 dormiret,
1253 1361 1311 1418 per
1338 1343 1420 1416 quod

253 1447 414 1518 sipm'liaat,
428 1447 592 1520 simplicem
607 1461 645 1502 ac
658 1445 724 1501 sinc
738 1442 900 1501 ambitione
914 1444 1005 1501 uitam
1014 1443 1166 1502 ueteribus
1177 1441 1418 1501 Romanorum

249 1537 366 1615 fuisse?
411 1541 465 1601 Hic
490 1544 547 1601 iem
570 1559 606 1600 ex
631 1540 765 1600 lemmate
789 1548 911 1617 apparet
934 1538 1123 1599 scribendum
1148 1557 1226 1598 osso:
1250 1533 1318 1598 ‘nec
1340 1540 1416 1621 sine·

252 1641 326 1699 bant
352 1634 463 1720 lepes¹)
491 1657 636 1715 spernere
667 1669 704 1678 -
736 1655 800 1696 nam
831 1631 1061 1711 ‘lepesinebant’
1090 1637 1154 1697 cod.
1182 1635 1211 1695 M
1239 1644 1298 1696 est:
1329 1631 1420 1709 ‘lepos

250 1740 391 1798 sinebant
413 1733 477 1817 —’,
506 1737 583 1816 quod
611 1733 820 1814 comprobatur
847 1735 972 1794 Aoronis
995 1734 1018 1793 A
1045 1733 1174 1816 scholio,
1203 1734 1255 1794 uhi
1282 1733 1419 1811 legimus:

253 1829 321 1896 ‘nec
349 1835 510 1912 fortuitum
537 1855 559 1895 s.
589 1828 686 1913 cesp]
735 1833 795 1893 Hic
827 1834 902 1892 ordo
935 1850 1075 1893 uersuum
1107 1843 1166 1894 est:
1198 1851 1254 1894 nce
1281 1833 1421 1892 sinebant

253 1937 349 2008 lepos
367 1952 512 2010 spernere
527 1937 668 2009 cespitem
678 1931 848 2007 fortuitam,
868 1932 902 1990 la
915 1936 965 2005 est,
985 1948 1044 1991 non
1059 1933 1170 1992 licebat
1185 1937 1239 1991 aut
1252 1934 1419 2004 neplecium

252 2034 381 2091 horrere
409 2039 463 2092 aut
491 2035 594 2091 ridere
618 2047 696 2105 eam,
724 2033 778 2104 qui
798 2046 890 2104 super
913 2029 1038 2088 barbam
1061 2031 1251 2090 recumberet
1273 2035 1327 2088 aut
1350 2030 1419 2087 clor-

253 2133 348 2189 miret.
405 2131 466 2190 Per
503 2131 585 2204 quod
617 2132 772 2204 siginificat
807 2128 970 2201 simplicem
1007 2144 1045 2187 ac
1081 2131 1146 2188 sine
1183 2128 1296 2187 ambitu
1329 2129 1420 2185 uitam

253 2229 403 2287 ueteribus
418 2229 592 2288 Romanis
611 2225 708 2302 fuisse
730 2243 786 2286 nea
809 2241 921 2298 mapna
945 2241 1023 2284 cura
1037 2229 1178 2301 priuatas
1196 2243 1266 2301 opes
1285 2230 1419 2297 curatas,

256 2328 325 2385 dum
343 2329 476 2386 studium
494 2343 580 2385 omne
594 2327 717 2401 publico
737 2326 862 2384 ornatui
880 2325 1096 2397 inpenderetur
1115 2331 1145 2384 et
1163 2318 1297 2399 templis?
1326 2321 1420 2381 Simul

238 2422 376 2496 ¹Acronis
400 2425 423 2482 A
452 2423 583 2483 scholion
612 2422 699 2483 docet
727 2421 798 2481 iliud
823 2418 1034 2498 Porphyrionis
1062 2414 1296 2483 ‘Romanorum'
1321 2438 1417 2479 emon-

254 2521 381 2582 bandnm
406 2541 471 2582 osse
494 2524 524 2581 in
545 2514 765 2602 ‘Romanis'²);
789 2519 913 2579 fortasse
938 2517 1038 2578 verba:
1062 2515 1131 2579 ‘nec
1154 2537 1265 2595 mapna
1289 2537 1366 2579 cura
1380 2551 1416 2560 -
1466 2548 1473 2562 ·

253 2614 383 2696 templis'
403 2619 558 2679 referendo
578 2618 700 2678 suntad
721 2617 837 2697 plenius
856 2615 1068 2696 Porphyrionis
1087 2616 1264 2696 exemplum,
1285 2617 1335 2676 sed
1352 2635 1419 2676 cum

253 2717 351 2778 desint
374 2726 561 2794 argumenta,
586 2735 634 2777 res
658 2714 845 2793 comprobari
868 2733 927 2774 non
950 2723 1056 2793 potest.

341 2813 377 2872 od
401 2811 608 2889 ο.1116,19;
638 2809 769 2891 ‘patriae
793 2816 859 2888 puis
883 2817 956 2874 enul
977 2832 1010 2874 se
1032 2831 1149 2888 quoque
1169 2809 1279 2894 supin]
1315 2833 1419 2875 sensus

255 2920 312 2973 est:
340 2915 407 2986 quis
435 2930 454 2970 a
477 2930 513 2972 se
536 2930 675 2987 quoque
698 2913 870 2971 nutritio
895 2915 1081 2972 auaritiae
1102 2930 1192 2972 suae
1214 2915 1420 2989 sapientiae

252 3028 340 3070 suae
364 3011 464 3085 potuit
487 3009 612 3091 supere,
640 3013 694 3085 qui
714 3012 850 3086 patriam
873 3005 1031 3084 reliquit?'
1077 3007 1170 3069 Verba
1195 3005 1226 3069 ‘a
1249 3026 1282 3071 se
1304 3028 1420 3085 auoque

254 3116 308 3168 aut
330 3111 401 3168 uitio
426 3111 577 3168 auaritiae
594 3103 684 3168 suae'
707 3110 821 3184 integra
840 3124 904 3166 esse
924 3125 983 3166 non
1002 3116 1127 3186 possunt
1145 3117 1268 3186 propter
1287 3127 1420 3190 sensum3

252 3209 352 3284 itaque
372 3205 419 3265 hic
435 3204 603 3283 corruptela
618 3205 772 3266 statuenda
789 3215 842 3286 est,
861 3223 949 3284 quem
964 3204 1088 3265 Acronis
1103 3206 1125 3264 A
1141 3206 1249 3266 auxilio
1264 3207 1419 3267 emendare

254 3321 404 3364 conemur.
450 3303 542 3363 Aoro
565 3305 603 3363 A:
632 3300 710 3379 ‘puis
738 3323 757 3364 a
784 3323 816 3364 se
843 3321 973 3379 quoque,
1002 3305 1036 3363 ia
1057 3310 1101 3364 est
1124 3322 1143 3364 a
1166 3308 1246 3365 uitiis
1269 3308 1421 3365 auaritiae

253 3421 327 3462 suae
356 3405 456 3477 potuit
484 3400 608 3477 supere,
641 3405 695 3477 qui
717 3405 853 3478 patriam
881 3405 1063 3475 dereliquit.
1079 3396 1120 3462 ..'
1170 3401 1301 3463 Primum
1329 3404 1420 3482 igitur

253 3499 325 3559 iihid
363 3494 443 3559 ‘aut’
482 3499 648 3559 eiciendum
685 3509 731 3559 ost
768 3493 978 3582 (dittographia
1016 3517 1104 3577 quam
1137 3499 1263 3560 dicimus
1295 3494 1420 3582 ortum);

254 3596 359 3657 deinde
384 3603 451 3674 post
476 3592 620 3672 ‘quoque'
644 3597 789 3657 excidisse
812 3597 929 3656 videtur
953 3591 998 3657 ‘la
1019 3592 1088 3668 esl';
1110 3597 1189 3676 quod
1213 3599 1325 3659 adtinet
1347 3599 1420 3659 illud

255 3695 334 3775 quod
354 3695 474 3774 iegitur:
499 3690 678 3771 ‘sapientiae
696 3690 794 3775 suae',
818 3694 874 3755 hoo
894 3696 947 3773 qui
965 3703 1080 3755 ceteros
1099 3696 1216 3762 codices
1235 3699 1419 3776 scripserunt

254 3794 410 3854 emendare
439 3795 537 3853 conati
564 3804 647 3854 sunt:
675 3788 742 3854 ‘aut
764 3796 981 3869 impatientiam
1002 3787 1114 3868 suam’,
1143 3792 1250 3873 quibus
1275 3795 1419 3856 adductus

254 3884 563 3975 Petschenigiosi)
587 3890 678 3951 scribi
701 3893 802 3952 iussit:
826 3887 899 3952 ‘siue
923 3885 1142 3967 impotentiae';
1165 3892 1216 3952 sod
1240 3892 1311 3953 hoec
1331 3892 1420 3953 rerba

254 4009 313 4050 non
341 3990 427 4050 modo
455 3992 554 4069 inepta
583 4000 612 4050 et
644 4008 860 4068 supervacaneo
889 3997 970 4067 sunt,
1003 4006 1105 4048 verum
1134 3991 1221 4050 etiam
1249 3989 1418 4051 AcronisA

255 4088 366 4149 scholio
408 4086 608 4166 conprobatur
645 4106 678 4148 ea
714 4086 788 4147 nihil
824 4106 890 4148 esso
927 4088 985 4146 nisi
1021 4104 1143 4164 pravum
1179 4087 1420 4170 additamentum,

345 4254 371 4318 1)
391 4248 430 4304 cf.
450 4248 546 4317 Pauly.
569 4255 644 4318 1817,
664 4268 691 4319 p.
711 4255 753 4304 33.

343 4329 370 4400 2)
388 4329 485 4398 Pauly.
514 4333 590 4396 1816,
613 4346 640 4397 p.
662 4335 707 4384 142
733 4331 875 4386 ‘ueteribus
893 4331 1028 4386 Romanis
1051 4330 1142 4398 olim',
1165 4331 1214 4384 sed
1240 4331 1329 4386 ‘olim’
1355 4333 1420 4400 post

257 4409 415 4466 ‘ueteribus’
436 4424 548 4476 prorsus
567 4425 804 4477 supervacaneum
820 4414 870 4465 osi.

343 4493 371 4558 3)
391 4489 469 4542 stud.
489 4487 607 4542 vindob.
630 4493 706 4557 1881,
724 4507 751 4558 p.
771 4495 830 4544 307.
