3162 5238
720 365 958 428 -194-

257 546 455 626 explicantur:
484 544 530 607 ‘at
556 551 584 607 si
611 549 728 607 diceret
750 548 922 607 Homericis
950 549 1096 620 auspiciis
1121 554 1150 605 et
1172 564 1199 620 q.
1217 542 1272 620 sp?
1311 545 1368 605 Sed
1393 546 1429 606 ab

258 645 379 705 Horatio
408 663 516 705 nomen
539 643 661 705 Homeri
688 662 836 723 nusquam
859 650 1122 725 commemoratur,
1151 643 1337 722 quadecausa
1360 643 1429 703 Por·

257 744 361 823 phyrio
389 742 462 803 illud
491 739 557 818 ‘qai
578 746 618 804 sit
639 744 801 804 Homerico
824 736 951 818 spiritit'
975 741 1106 801 scribere
1130 759 1189 801 non
1213 749 1338 822 poterat,
1362 744 1430 820 quia

257 859 316 901 non
331 840 485 901 habuisset
500 859 535 901 ex
551 860 609 920 quo
625 840 770 919 penderet
783 839 914 918 ideoque
925 841 1045 899 omnino
1060 838 1192 918 intellegi
1206 857 1265 900 non
1275 843 1431 922 potuisset,

257 940 314 999 nisi
338 947 423 1000 antea
447 938 535 999 verba
556 934 705 1001 ‘Maeonii
727 940 873 1000 carminis
895 931 975 997 atttt’
996 937 1200 1015 explicaverat.
1238 937 1311 998 Cum
1331 946 1430 998 autem

257 1037 377 1097 minime
402 1054 437 1096 er
456 1034 668 1114 Porphyrionis
692 1033 908 1096 consuetudine
932 1036 979 1113 sit,
1003 1053 1036 1094 ea
1060 1054 1114 1114 pro
1139 1035 1292 1115 explicatis
1311 1036 1430 1116 habere,

257 1153 332 1214 quae
352 1133 428 1193 infra
448 1132 568 1194 demum
587 1133 788 1213 explicaturus
809 1141 863 1213 est,
886 1141 937 1193 aut
956 1133 1022 1192 fieri
1040 1150 1099 1192 non
1119 1141 1226 1215 potest,
1244 1141 1277 1194 ut
1296 1133 1430 1194 scholion

257 1233 341 1292 adv.
368 1229 409 1293 13
438 1240 580 1309 sequatur
607 1231 741 1291 scholion
770 1231 805 1290 ad
829 1249 854 1290 v.
879 1227 899 1292 2
928 1237 979 1290 aut
1008 1229 1096 1290 verba
1120 1225 1186 1306 ‘aui
1206 1235 1246 1292 sit
1268 1232 1429 1293 Homerica

256 1324 383 1406 spirita'
411 1327 623 1409 Porphyrionis
651 1347 717 1388 esse
746 1345 806 1388 non
834 1335 973 1408 possunt,
1002 1327 1080 1407 quod
1106 1337 1140 1389 ut
1168 1329 1322 1389 credamus
1352 1328 1429 1389 nulla

257 1445 289 1486 re
313 1444 543 1486 commovemur.

345 1521 427 1600 §52
453 1522 510 1584 Sed
526 1527 551 1584 si
566 1524 621 1584 hae
636 1541 743 1584 causae
759 1542 819 1583 non
834 1531 945 1583 tantam
960 1525 1018 1582 vim
1031 1522 1182 1604 habereut,
1197 1532 1336 1603 quantam
1348 1533 1429 1585 certe

258 1621 376 1702 habent,
402 1630 434 1681 ut
457 1623 494 1682 iis
518 1621 638 1682 adducti
662 1620 867 1681 Gitlhaueri
891 1623 1069 1680 seutentiam
1092 1624 1259 1703 reiciamus,
1282 1623 1431 1701 quomodo

257 1720 399 1800 explicari
414 1727 514 1798 potest
528 1718 577 1779 ille
592 1719 664 1780 ordo
681 1719 872 1798 scholiorum,
887 1735 975 1796 quem
990 1718 1109 1779 codices
1119 1719 1205 1779 nobis
1215 1717 1379 1798 praebent?
1393 1753 1428 1762 -

258 1817 290 1878 Si
317 1836 420 1878 revera
450 1816 561 1877 scholia
590 1820 621 1878 in
644 1816 857 1895 Porphyrionis
883 1814 1018 1893 exemplo
1042 1815 1203 1876 Horatiano
1226 1818 1267 1877 ita
1290 1815 1431 1877 collocata

257 1915 397 1996 fuissent,
424 1925 459 1976 ut
483 1914 636 1976 Gitlbauer
659 1914 768 1994 credit,
797 1915 862 1973 lieri
885 1931 945 1974 uon
968 1915 1080 1992 potuit,
1104 1917 1175 1993 quin
1200 1914 1302 1976 eodem
1327 1915 1431 1974 ordine

256 2014 287 2072 iu
320 2012 480 2092 archetypo
509 2012 730 2093 Porphyrioneo
764 2011 1035 2072 conscriberentur.
1085 2011 1188 2090 ltaque
1218 2013 1244 2072 is
1272 2014 1325 2091 qui
1353 2031 1430 2073 com·

257 2113 418 2170 mentarios
442 2129 479 2170 ex
503 2110 662 2190 archetypo
687 2111 855 2191 descripsit,
879 2109 935 2170 alio
960 2109 1085 2168 fortasse
1109 2107 1223 2168 Horatii
1246 2109 1357 2190 codice,
1381 2111 1432 2188 qui

257 2226 324 2267 eum
359 2225 448 2287 quem
481 2226 561 2269 nuuc
591 2207 735 2268 hahemus
764 2207 899 2267 ordinem
927 2225 1066 2268 versuum
1095 2205 1267 2287 praebebat,
1300 2206 1431 2268 adhibito

257 2304 369 2365 scholia
397 2314 592 2385 transponere
621 2305 760 2384 debebat,
793 2305 887 2384 quod,
914 2313 1122 2383 praeterquam
1151 2305 1229 2383 quod
1258 2308 1304 2365 sui
1337 2304 1432 2365 simile

257 2421 316 2464 non
340 2402 438 2486 habet,
461 2406 509 2464 vix
534 2402 714 2464 credendum
736 2410 790 2482 est,
814 2405 882 2481 quia
902 2400 1041 2461 librarius
1061 2401 1110 2461 ille
1129 2420 1188 2462 non
1208 2402 1293 2464 facile
1312 2421 1432 2483 operam

258 2503 392 2580 suscepit
415 2501 573 2562 adhibendi
598 2502 730 2563 codicem
755 2500 962 2579 Horatianum3
990 2517 1057 2560 nam
1082 2501 1108 2559 si
1130 2499 1187 2560 hoc
1210 2501 1339 2581 iecisset,
1363 2501 1433 2562 lem·

260 2608 346 2681 mata,
371 2618 445 2678 quae
466 2599 574 2661 auxilio
594 2601 660 2660 talis
680 2599 791 2660 codicis
811 2597 931 2658 adiutus
950 2596 1035 2656 facile
1055 2599 1205 2675 corrigere
1224 2607 1349 2679 poterat,
1372 2617 1431 2659 non

257 2706 317 2758 torn
354 2697 573 2758 inconsiderate
610 2698 819 2777 descripsisset
852 2705 881 2757 et
913 2695 1032 2774 saepius
1064 2713 1204 2774 perverse
1238 2697 1431 2758 emendasset.

257 2795 391 2873 lienique
415 2795 481 2855 talis
505 2797 580 2856 ratio
604 2812 729 2874 prorsus
752 2794 846 2853 aliena
871 2802 916 2853 est
940 2790 975 2852 ab
999 2809 1032 2851 ea
1053 2793 1237 2873 neglegentia
1257 2804 1287 2854 et
1305 2793 1432 2873 levitate,

258 2911 315 2972 qua
343 2892 392 2952 ille
420 2911 492 2953 usus
520 2901 574 2954 est.
625 2892 855 2954 Concedendum
882 2897 928 2950 est
955 2890 986 2948 in
1015 2889 1117 2951 codice
1146 2891 1174 2951 M
1203 2891 1293 2952 multa
1321 2891 1431 2952 scholia

257 2990 331 3051 falso
355 2990 419 3050 loco
444 3008 509 3050 esse
533 2992 643 3069 posita,
671 2988 724 3049 sed
752 2989 808 3049 hoc
833 2989 954 3048 minime
978 3005 1013 3046 ex
1037 2988 1161 3050 consilio
1185 2988 1298 3049 librarii
1321 2990 1431 3049 factum

258 3097 311 3148 est.
362 3085 447 3148 Nulla
480 3088 571 3164 igitur
599 3095 645 3147 est
673 3104 770 3165 causa,
803 3102 858 3145 cur
885 3082 1098 3162 Porphyrionis
1128 3088 1372 3146 commentarium
1401 3089 1432 3147 in

257 3185 361 3246 Horati
380 3203 405 3246 c.
424 3181 472 3246 16
496 3191 672 3263 corruptum
697 3201 762 3243 esse
787 3198 948 3242 sumamus.
985 3181 1107 3242 Accedit
1130 3183 1209 3261 quod
1234 3186 1353 3244 omniuo
1373 3202 1431 3244 non

258 3302 333 3363 opus
361 3291 407 3344 est
433 3281 483 3342 illa
512 3283 741 3361 transpositione
769 3297 910 3339 versuum
938 3277 1180 3361 Horatianorum,
1208 3282 1260 3341 sed
1288 3281 1344 3342 hoc
1373 3300 1431 3341 non

258 3391 407 3461 nostrum,
431 3379 484 3441 sed
508 3399 612 3440 eorum
636 3387 695 3459 est,
720 3380 770 3458 qui
795 3380 984 3456 quaestiones
1009 3378 1183 3438 Horatianos
1207 3389 1343 3440 tractant.
1451 3367 1455 3373 ¹

823 3560 865 3624 Il.

348 3670 439 3748 §hd
481 3671 592 3734 Paucas
621 3674 748 3750 denique
778 3670 882 3731 addam
911 3671 1135 3731 emendationes
1160 3673 1196 3732 ad
1221 3671 1433 3751 Porphyrionis

165 3813 177 3838 .
260 3771 381 3832 scholia.

349 3868 385 3928 ad
409 3887 434 3928 c.
454 3867 466 3927 l
485 3865 524 3929 16
539 3871 592 3930 in.:
617 3863 657 3931 ‘0
675 3876 774 3929 matre
792 3872 905 3944 pulcra
924 3869 991 3939 lilia
1006 3862 1167 3946 pulcrior]
1186 3869 1246 3927 hac
1265 3870 1321 3928 ode
1339 3868 1433 3928 παλι-

260 3963 389 4049 νῳδίαν
422 3970 606 4042 repromittit
640 3971 681 4047 ei,
713 3970 745 4026 iri
777 3983 867 4040 qaam
896 3965 1077 4041 probrosam
1105 3982 1230 4024 carmen
1256 3967 1434 4041 scripserat,

263 4063 460 4140 Tyndaridae
480 4067 604 4124 cuidam
623 4066 742 4134 amicae
760 4081 844 4143 scae,
863 4065 901 4122 id
918 4069 972 4122 est
989 4069 1270 4122 recordaturam
1285 4080 1326 4123 ea
1340 4080 1434 4137 qaae

260 4164 424 4235 adimerat,
453 4163 586 4236 dicitque
609 4179 641 4221 se
665 4164 832 4222 iracundia
854 4167 964 4221 motam
987 4162 1065 4220 baec
1087 4162 1261 4236 scripsisse;
1288 4162 1435 4232 adfirmat

260 4265 362 4322 aciem
386 4264 416 4319 ct
436 4276 462 4333 p.
482 4252 537 4333 sp?

350 4354 445 4418 Verba
465 4352 511 4417 ‘id
528 4364 572 4418 est
591 4364 824 4419 recantataram
847 4375 885 4418 ea
904 4374 983 4430 qaae
1001 4350 1141 4416 dixerat’
1162 4353 1234 4415 falso
1254 4354 1318 4415 loco
1339 4357 1434 4433 posita

260 4473 327 4516 esse
351 4454 502 4536 videntur3
526 4465 596 4516 sunt
619 4458 697 4517 enim
718 4457 924 4533 interpretatio
944 4452 1073 4514 Graecae
1093 4455 1173 4514 vocis
1193 4447 1433 4537 ‘moritvpdiao'.
