3162 5238
718 348 957 414 —168—

341 526 583 608 ‘Superstruait'
616 528 663 590 ille
694 532 745 608 qui
775 531 974 608 expositiones
1002 530 1065 590 cod.
1095 526 1223 590 79qu
1252 530 1418 606 composuit

253 627 493 692 ‘adnotationum
530 633 634 689 molem
667 631 888 705 Porphyrionis
921 627 1134 702 fundamento,
1171 631 1226 688 sed
1253 634 1417 704 praeterea

253 731 375 789 aliunde
412 746 529 803 quoque
561 730 669 788 anilem
703 744 789 786 snam
823 728 992 786 doctrinam
1025 729 1212 801 locupletare
1243 729 1290 785 ael
1316 727 1418 801 potius

253 835 370 903 turpem
389 845 450 901 pua
470 828 596 900 insipnis
615 833 660 885 est
677 826 900 885 notissimarum
920 841 1023 885 rerum
1043 826 1263 898 ipnarationem
1277 825 1419 898 obrepere

250 918 387 985 studuit?
419 923 457 982 Et
475 921 542 1000 plus
557 930 676 982 centum
691 916 796 1006 locis¹)
812 921 922 981 scholia
936 921 968 1000 h,
988 928 1021 981 ut
1036 939 1068 980 ea
1084 920 1214 980 breviter
1229 920 1418 1000 appellamus,

252 1023 287 1083 ad
310 1021 543 1100 Porphyrioncm
569 1028 716 1101 spectant,
743 1037 909 1100 quanquam
934 1019 1022 1079 huius
1046 1017 1133 1079 verba
1159 1017 1334 1097 plerumque
1358 1036 1416 1078 non

252 1137 376 1200 prorsus
409 1122 522 1197 integra
555 1117 706 1197 praebent„
758 1118 836 1178 Fieri
869 1119 965 1195 potuit
999 1123 1031 1178 ut
1061 1114 1097 1175 ab
1124 1115 1243 1176 homine
1272 1117 1418 1194 sequioris

252 1221 355 1278 aetatis
377 1217 590 1296 Porphyrionis
619 1215 706 1276 verba
736 1219 775 1276 ita
800 1225 832 1276 ut
855 1233 922 1274 mox
947 1214 1198 1275 demonstrabitur
1222 1222 1417 1295 mutarentur,

252 1319 314 1377 veri
347 1323 445 1376 autem
478 1313 602 1374 similius
635 1323 681 1375 est
708 1315 764 1375 hoc
792 1317 848 1374 iarn
878 1312 913 1373 ab
942 1331 976 1372 eo
1005 1313 1114 1373 factum
1143 1331 1208 1372 esse
1237 1314 1288 1391 qui
1316 1323 1418 1373 auctor

253 1416 522 1476 vetustissimorum
552 1411 732 1472 scholiorum
755 1411 1080 1472 Pseudacroniancrum
1104 1419 1159 1471 est.
1204 1409 1284 1480 Quae
1308 1410 1417 1471 scholia

253 1513 330 1592 quod
360 1530 419 1572 non
447 1511 481 1570 ad
511 1512 607 1569 omnia
632 1509 746 1570 Horatii
773 1510 902 1571 carmina
931 1526 1026 1586 usque
1054 1508 1089 1567 ad
1113 1509 1201 1568 linem
1225 1508 1418 1586 epistularum

253 1610 339 1672 nobis
353 1617 462 1690 extent,
482 1608 563 1668 valde
578 1608 726 1689 dolemus3
746 1626 813 1668 nam
828 1609 936 1668 ceteris
950 1606 1036 1684 longe
1051 1614 1210 1687 praestant,
1230 1615 1259 1667 et
1273 1608 1419 1667 incertum

253 1719 298 1770 est
330 1716 431 1769 utrum
462 1713 555 1767 morte
585 1716 688 1766 auctor
716 1705 884 1785 prohibitus
913 1707 952 1765 sit
980 1705 1139 1783 quominus
1166 1705 1200 1764 ad
1230 1705 1318 1765 linem
1346 1724 1420 1784 opus

254 1807 432 1888 perduceret
455 1822 492 1864 an
514 1805 670 1883 iniquitate
693 1811 861 1883 temporum
886 1822 919 1864 ea
942 1787 1020 1884 p'ars,
1044 1821 1119 1882 quae
1143 1801 1179 1862 ab
1203 1804 1317 1882 epodon
1337 1823 1362 1865 c.
1379 1799 1420 1864 15

255 1923 349 1984 usque
374 1904 408 1964 ad
434 1904 521 1962 hnem
545 1901 739 1981 epistularum
762 1903 904 1982 pertinet,
928 1902 1085 1962 interierit.

343 1999 432 2078 521.
478 1998 519 2059 Ea
548 2017 618 2078 ergo
646 1999 758 2061 scholia
785 2000 808 2059 Α
837 2018 910 2078 quae
940 1999 1024 2060 nobis
1053 2009 1166 2061 serrata
1195 2007 1277 2079 sunt,
1306 1998 1355 2060 ubi
1384 2001 1419 2060 ad

253 2103 363 2161 iontem
398 2097 630 2178 Porphyrionem
664 2105 811 2177 spectant,
843 2116 1011 2177 quanquam
1044 2097 1233 2179 plerumque,
1267 2108 1299 2159 ut
1331 2116 1420 2178 supra

254 2198 557 2276 commemoravimus,
582 2195 794 2276 Porphyrionis
817 2194 906 2256 verba
930 2198 1044 2274 integra
1068 2214 1128 2255 non
1150 2195 1299 2277 exhibent,
1322 2204 1419 2257 tamen

254 2296 393 2357 nonnulla
418 2302 527 2375 extant,
552 2312 625 2372 quae
649 2313 773 2373 prorsus
797 2313 864 2355 cum
883 2293 1085 2374 Porphyrioue
1110 2306 1286 2372 congruunt.
1324 2295 1420 2355 Pauca

256 2396 303 2455 hic
327 2395 475 2455 sufficiant
498 2392 638 2472 exempla.

342 2510 377 2570 ad
407 2505 622 2589 c.11125‚5.
658 2507 797 2588 Porph.:
826 2506 996 2570 ‘aeternam
1023 2511 1171 2570 meditans
1200 2505 1319 2590 alecus]
1351 2527 1419 2571 can-

255 2611 455 2670 secralianem
475 2602 569 2668 dicit.⁹
591 2640 628 2649 —
654 2607 743 2666 horo
762 2601 833 2688 h²):
857 2602 989 2688 ‘alecusJ
1017 2611 1274 2669 consecrationem
1293 2601 1421 2692 dicit.'³)

343 2723 378 2782 ad
403 2742 427 2783 c.
446 2721 486 2782 lll
501 2719 552 2803 26,
569 2720 597 2782 2.
634 2722 773 2800 Porph.:
802 2718 842 2784 ‘et
865 2727 992 2783 militaui
1014 2742 1074 2784 non
1097 2727 1163 2784 sine
1183 2719 1314 2804 pluria]
1350 2728 1421 2784 alle·

253 2825 376 2896 pariens
404 2823 539 2882 militiam
562 2840 644 2881 nane
668 2839 800 2882 amorem
824 2817 932 2882 uacat?
957 2853 995 2864 -
1025 2822 1114 2881 hcro
1138 2822 1175 2882 A:
1203 2816 1245 2882 ‘el
1267 2817 1420 2900 militaui]

254 2921 434 2992 alleporicos
457 2921 594 2979 militiam
616 2937 698 2979 narie
721 2936 853 2979 amorem
877 2915 985 2979 uocal'

344 3033 379 3092 ad
403 3052 428 3096 c.
451 3031 562 3116 11129,
584 3032 632 3096 18.
677 3034 815 3112 Porph.:
844 3029 916 3094 ‘iam
945 3036 1085 3112 Procyon
1110 3031 1219 3116 sarit]
1254 3040 1339 3096 stella
1368 3044 1420 3108 est,

256 3150 335 3207 puae
367 3142 437 3192 ante
473 3134 648 3194 Caniculam
681 3127 802 3193 oritur.2
827 3135 880 3174 '-
918 3132 1007 3192 horo
1037 3133 1075 3193 h:
1107 3128 1180 3193 ‘iam
1208 3136 1348 3212 Procyon
1378 3130 1421 3215 fl]

257 3230 360 3304 Stella,
384 3247 462 3304 puae
486 3239 557 3292 ante
580 3232 752 3291 caniculam
775 3223 899 3290 oritur.>

345 3345 379 3405 ad
404 3364 428 3405 c.
453 3343 489 3404 lV
513 3341 541 3425 6,
565 3340 617 3406 35.
653 3344 792 3422 Porph.:
816 3340 968 3406 ‘lesbiam
995 3353 1114 3407 seruate
1138 3342 1273 3427 pedem]
1310 3350 1422 3408 idest:

258 3447 364 3504 Alcaei
390 3446 482 3520 lyrici
504 3449 628 3518 poetae,
656 3446 710 3517 pai
731 3442 856 3503 lesbias
881 3438 963 3518 suil'
992 3477 1034 3486 -
1062 3445 1150 3504 Acro
1179 3445 1216 3505 A:
1243 3441 1421 3527 ‘LesbiumJ

258 3545 364 3603 Alcaei
385 3545 478 3618 lpriei
495 3549 619 3619 poetae,
642 3545 696 3617 qui
718 3542 843 3601 Lesbius
863 3535 944 3616 suit?

345 3658 379 3717 ad
396 3676 420 3717 c.
436 3654 512 3737 lV8,
525 3653 573 3716 19.
596 3655 734 3735 Porph.:
750 3651 877 3718 ‘elarius
892 3660 1032 3718 indicant
1044 3660 1150 3719 laudes
1164 3676 1253 3732 quam
1272 3660 1422 3718 Calabrae

258 3752 422 3835 Pierides]
463 3754 564 3829 saeta,
594 3757 703 3834 inquit,
732 3758 887 3815 clarorum
914 3758 1048 3815 uirorum
1076 3758 1137 3816 nisi
1163 3759 1349 3816 carminibus
1378 3761 1421 3816 in-

257 3859 425 3916 lustremur
456 3857 565 3913 aetatis
596 3870 671 3913 suae
703 3856 876 3913 memoriam
903 3870 962 3912 non
990 3849 1163 3914 excellant?
1196 3887 1236 3895 -
1269 3855 1357 3913 Acro
1385 3854 1423 3914 h:

262 3954 412 4013 Calabrae
427 3946 479 4031 Ρ]
509 3949 606 4026 saeta,
630 3953 735 4025 inquit,
759 3954 914 4010 clarorum
938 3953 1072 4010 uirorum
1095 3955 1156 4012 nisi
1173 3953 1359 4013 carminibus
1378 3956 1421 4013 in·

258 4055 426 4112 lustrentur
449 4051 559 4110 aetatis
581 4067 656 4109 suae
679 4051 853 4109 memoriam
876 4066 935 4108 non
959 4042 1165 4132 excedant.'⁴)

348 4222 374 4290 1)
392 4219 495 4274 Keller.
515 4217 637 4288 Symbcl.
656 4218 724 4288 phil.
744 4219 829 4273 Bonn.
849 4237 877 4288 p.
897 4223 956 4287 501,
976 4219 1070 4275 adnot.
1092 4225 1132 4274 71,

346 4303 375 4372 2)
394 4299 439 4354 Sic
458 4302 600 4355 auctorem
619 4299 788 4355 scholiorum
807 4303 832 4353 A
849 4298 997 4354 brevitatis
1016 4316 1101 4354 causo
1119 4299 1300 4370 appellemus.

348 4386 374 4449 3)
394 4378 562 4434 Hauihelius
580 4379 611 4433 iu
629 4381 735 4436 educi:
757 4382 858 4450 Parph.

348 4464 374 4532 4)
393 4461 468 4528 Quae
488 4461 629 4526 secuntur,
649 4458 846 4530 Porphyrionis
864 4476 920 4514 non
939 4461 1011 4515 sunt.
