3162 5238
624 377 865 440 -173-

161 574 220 616 non
244 558 363 618 invenit.
400 557 502 636 ltaque
525 576 584 617 non
608 569 667 618 tam
685 557 813 620 alienum
834 558 951 619 videtur
969 567 1074 638 putare
1094 558 1326 639 Porphyrionem

162 657 204 714 sic
228 657 398 732 scripsisse:
422 650 484 716 ‘hic
507 663 607 716 nutent
631 659 783 733 Archytas
807 658 1032 734 Pythagoricus
1052 657 1121 732 suit,
1143 662 1328 734 geometriae

159 755 285 834 peritus,
308 757 381 828 quio
404 761 435 814 et
452 772 479 829 q.
497 748 532 815 s.'
556 762 586 813 et
608 753 680 814 illud
705 750 769 830 ‘que'
785 750 909 816 merito'
932 773 987 833 per
1006 755 1232 834 dittographiam
1253 773 1327 834 quae

161 849 271 909 dicitur
294 869 330 910 ex
353 869 388 911 eo
412 851 490 932 quod
515 853 650 930 sequitur
673 847 883 928 ‘geometrice'
908 861 1007 913 crtum
1030 872 1104 933 esse,
1128 853 1208 932 quod
1231 854 1328 932 isqui

161 947 293 1007 codicem
316 948 527 1028 Porphyrionis
555 950 725 1029 descripsit,
754 969 788 1011 ex
817 950 1032 1011 consuetudine
1061 970 1126 1031 sua,
1156 970 1212 1030 qua
1241 967 1328 1028 saepe

162 1063 237 1123 quae
265 1065 324 1106 non
352 1047 541 1127 intellegebat
568 1051 599 1108 in
627 1057 726 1109 notam
754 1048 812 1109 sibi
839 1049 962 1108 formam
991 1048 1116 1130 redegit,
1145 1051 1275 1109 correxit
1297 1051 1328 1108 in

161 1142 243 1224 illud,
267 1145 347 1223 quod
370 1165 449 1207 nunc
472 1149 503 1206 in
526 1146 590 1207 cod.
614 1146 642 1205 Μ
666 1157 724 1207 est:
753 1143 818 1221 ‘qui
839 1141 971 1220 merito’,
1000 1146 1159 1225 neglegens
1185 1147 1239 1206 hac
1263 1166 1328 1206 cor·

161 1245 293 1303 rectione
326 1244 401 1305 iacta
431 1245 534 1306 deesse
563 1245 687 1325 aliquid,
721 1245 800 1323 quod
828 1263 895 1305 cum
923 1246 944 1304 ii
973 1247 1023 1324 qui
1051 1245 1182 1326 reliquos
1210 1245 1328 1305 codices

161 1343 347 1419 scripserunt
370 1345 547 1425 sensissent,
573 1361 675 1403 vocem
699 1337 841 1403 ‘dicitur'
866 1341 1051 1404 addiderunt.
1097 1342 1152 1403 Hic
1176 1351 1273 1403 autem
1297 1342 1328 1401 id

161 1439 270 1517 optime
294 1439 404 1522 elucet,
432 1443 510 1520 quod
538 1443 595 1501 iam
619 1440 795 1520 Meyerus,
823 1441 1114 1520 Petschenigius,
1143 1439 1234 1500 Urba
1258 1459 1327 1502 con·

160 1537 321 1598 tenderunt
344 1538 476 1600 codicem
500 1538 528 1598 Μ
552 1538 728 1620 plerumque
746 1556 845 1599 veram
864 1537 1007 1618 praebere
1027 1539 1184 1600 lectionem
1203 1541 1328 1617 eiusque
1421 1616 1423 1625 Ι

161 1637 249 1696 unius
273 1655 362 1714 opera
384 1636 595 1718 Porphyrionis
619 1640 846 1698 commentarios
870 1655 935 1696 esse
960 1630 1203 1720 restituendos.1)

250 1733 269 1810 ξ
289 1731 342 1796 28.
379 1736 414 1795 ad
434 1732 543 1797 8129
558 1739 611 1798 in:
630 1732 710 1797 ‘Icci
727 1738 822 1797 beatis
841 1753 923 1795 nunc
941 1737 1064 1798 trahunt
1082 1739 1198 1796 incides
1209 1729 1328 1814 pazis]

160 1834 242 1892 huuc
261 1835 337 1894 oden
357 1836 400 1894 ud
413 1835 529 1895 Iccium
546 1835 661 1908 scribit,
684 1853 770 1910 quem
788 1836 921 1893 miratur
940 1835 1109 1895 intermisso
1120 1836 1330 1910 philosophice

159 1933 259 1991 studio
291 1939 416 2008 repente
446 1951 479 1992 se
511 1935 554 1992 ud
584 1935 716 1992 militare
747 1934 908 1992 studium
936 1936 1110 2006 contulisse,
1139 1951 1198 2008 per
1225 1950 1330 2006 quum

161 2031 280 2089 videtur
308 2033 524 2106 concupiscere
552 2026 693 2091 diuitias?
743 2029 907 2109 Meycrus
935 2038 1059 2108 propter
1086 2029 1157 2090 illud
1188 2025 1331 2091 ‘militene

160 2122 307 2187 studium'
330 2146 385 2206 pro
409 2123 475 2204 ‘per
498 2123 618 2203 quem';
643 2130 764 2207 scripsit
787 2124 854 2205 ‘per
877 2123 979 2202 quod'.
1019 2121 1330 2211 Petschentgrus2)

162 2223 351 2285 scribendum
383 2235 486 2286 censet
513 2222 580 2303 ‘per
607 2222 716 2302 quae';
749 2227 799 2286 sed
829 2234 954 2305 utraque
984 2227 1154 2286 coniectura
1183 2225 1330 2305 oliendor3

161 2341 227 2382 nam
264 2322 335 2383 illud
373 2319 440 2400 ‘per
476 2319 572 2399 quod'
605 2326 675 2384 satis
709 2324 802 2384 firmis
834 2327 1018 2403 argumentis
1050 2323 1237 2402 comprobari
1270 2342 1328 2383 non

160 2429 266 2502 potest,
289 2429 319 2481 et
342 2421 419 2501 quod
439 2420 715 2500 Petschenigius
734 2424 898 2502 proposuit,
922 2422 1111 2482 artificiosius
1130 2423 1329 2500 excogitatum

161 2518 277 2579 videtur
304 2537 380 2579 esse.
425 2519 517 2598 Magis
545 2519 618 2580 mihi
646 2521 758 2582 arridet
787 2519 912 2600 Paulyi
938 2513 1150 2601 emendati03),
1178 2521 1230 2598 qui
1258 2519 1329 2579 illud

161 2612 318 2678 ‘studium'
356 2637 391 2678 ex
429 2619 616 2680 antecedenti
653 2613 780 2680 ‘studio'
817 2627 917 2678 ortum
949 2624 1040 2695 putat.
1096 2616 1217 2677 Confert
1251 2619 1329 2676 enim

160 2715 284 2775 heronis
307 2717 331 2774 Α
355 2716 502 2798 scholion,
535 2716 585 2778 ubi
613 2728 671 2777 est:
704 2712 765 2776 ‘Ad
793 2717 921 2791 Iccium,
954 2734 1041 2791 quem
1073 2719 1205 2777 miretur
1231 2719 1328 2792 philo-

160 2817 282 2890 sophice
306 2818 474 2876 intermisso
496 2818 596 2876 studio
619 2822 744 2890 repente
766 2832 798 2874 se
818 2817 861 2894 oei
877 2817 1039 2875 militarem
1058 2817 1149 2873 vitum
1168 2816 1329 2874 contulisse

160 2915 327 2988 cupiditate
350 2915 526 2974 divitiorum
540 2959 547 2974 .
562 2960 568 2973 .
584 2907 603 2972 .'
640 2909 821 2972 Vocabulum
846 2907 965 2972 ‘uitam'
989 2911 1126 2972 facillime
1149 2921 1217 2991 post
1240 2907 1327 2971 ‘mili-

160 3005 241 3070 tare’
271 3010 407 3070 excidere
435 3013 545 3091 potuit,
573 3020 637 3072 tum
667 3011 718 3088 qui
746 3009 802 3070 hoc
826 3006 962 3086 ‘repente
984 3029 1016 3071 se
1040 3012 1083 3070 ud
1104 3014 1235 3070 militare
1257 3027 1327 3070 con-

161 3102 278 3168 tulisse'
296 3107 450 3190 intellexit,
469 3127 505 3169 ex
524 3108 767 3170 antecedentibus
787 3103 946 3169 ‘studium'
964 3107 1120 3189 supplevit,
1140 3127 1214 3186 quac
1229 3118 1328 3169 autem

160 3204 373 3284 sequebantur:
401 3202 468 3283 ‘per
494 3204 600 3282 quum’
628 3225 753 3286 prorsus
780 3207 917 3286 neglexit.
964 3207 1029 3278 Quo
1057 3205 1266 3286 comprobetur
1288 3206 1328 3286 id,

161 3305 239 3384 quod
268 3323 357 3384 supra
382 3305 510 3366 diximus
532 3324 600 3366 eum
624 3308 676 3384 qui
703 3307 931 3365 commentarios
957 3306 1128 3386 descripsit,
1156 3322 1259 3382 magna
1283 3306 1327 3362 in·

160 3405 242 3463 curia
275 3412 362 3482 atque
390 3403 574 3483 neglegentia
602 3422 687 3464 usum
717 3420 782 3462 esse
811 3412 841 3463 et
868 3405 986 3482 saepius
1015 3422 1068 3463 suo
1095 3402 1218 3463 arbitrio
1247 3402 1328 3462 locos

161 3509 318 3580 corruptos
341 3502 522 3562 emendasse.
820 3488 824 3496 ⁴

249 3600 285 3660 ad
313 3618 338 3660 o.
366 3598 453 3680 130,
477 3596 511 3661 5:
547 3595 588 3661 <et
623 3602 728 3660 solutis
763 3600 890 3659 Gratiae
926 3594 1040 3678 zonis]
1087 3601 1162 3660 bene
1201 3600 1328 3659 Gratiae

160 3701 373 3759 nudesisiue
395 3701 491 3776 nude
510 3702 679 3774 finguntur,
703 3701 774 3773 quin
800 3701 892 3759 amici
910 3701 1025 3758 animos
1044 3700 1155 3758 solutos
1174 3715 1212 3757 ac
1231 3699 1328 3756 nudos

160 3801 240 3858 iuter
262 3817 295 3858 se
317 3797 431 3858 hahere
454 3791 582 3858 debent?
619 3795 655 3854 M.
678 3828 714 3836 -
732 3793 840 3856 Verba:
864 3791 1049 3857 ‘nudesisinc
1071 3790 1167 3871 nude’
1193 3813 1327 3872 maguam

161 3898 381 3974 corruptionem
409 3895 566 3975 praebent,
595 3893 779 3974 quadecausa
807 3895 838 3953 in
866 3893 930 3954 cod.
958 3893 1050 3954 Paris.
1075 3889 1160 3954 7988
1185 3885 1226 3975 (R
1249 3893 1327 3972 apud

159 3988 372 4076 Hauthalium),
391 4012 558 4074 quanquam
577 3994 740 4072 perinepte,
760 3993 903 4070 scriptum
923 4000 982 4052 est:
1005 3987 1119 4052 ‘nudae
1137 3994 1203 4052 sine
1216 3986 1327 4065 nodis',

160 4095 191 4153 in
222 4091 300 4153 aliis:
332 4087 446 4154 ‘nudae
478 4099 507 4154 et
538 4095 605 4152 sine
636 4083 739 4152 zonis'
771 4089 888 4168 legitur.
937 4088 1100 4168 hleyerus
1130 4090 1161 4148 in
1189 4089 1328 4168 editione,

250 4256 276 4322 1)
301 4252 329 4308 0.
353 4252 415 4322 Gq.:
446 4252 529 4309 ‘Fuit
560 4257 651 4308 autem
677 4253 722 4307 hie
748 4252 886 4322 Archytas
914 4251 1116 4322 Pythagoricus
1141 4257 1275 4320 genuetro
1303 4255 1327 4304 et

160 4339 355 4402 osteroeeopos,
373 4335 467 4388 omniu
484 4335 605 4389 numeris
623 4333 784 4388 dimetiens.²

248 4417 275 4486 8)
294 4414 372 4468 stud
391 4412 512 4470 vindob.
533 4419 611 4484 1881,
629 4424 656 4484 p,
676 4419 737 4467 soa.

249 4498 275 4565 e)
296 4499 373 4561 1877,
392 4513 418 4563 p.
435 4499 477 4548 so.
