3162 5238
632 383 870 448 -175-

167 567 357 628 fundamento
381 567 590 645 superstruxit.
633 563 726 624 Simul
750 565 831 625 hisce
855 584 890 626 ex
910 566 1030 628 scholiis
1050 551 1256 647 cognoscimus
1275 569 1331 628 iam

165 678 231 726 ante
259 667 404 726 doronem
433 667 455 723 Α
482 663 694 742 Porphyrionis
726 667 953 724 commentarios
986 667 1023 725 iis
1053 665 1331 745 interpolationibus

165 772 267 824 auctos
291 781 366 844 esse,
390 761 498 841 quibus
517 760 627 820 Graeca
651 761 739 821 verba
759 761 951 840 explicantur.
988 762 1061 823 Nam
1081 783 1148 825 cerm
1168 763 1331 844 Porphyrio

165 880 200 922 ex
219 861 299 920 Livio
323 860 368 921 vel
392 879 427 920 ex
451 860 531 919 lonte
553 877 607 918 suo
627 859 810 936 scripsisset:
834 850 897 920 ‘nt
915 853 1213 942 dpeuppledcopm',
1237 880 1331 940 gram-

165 962 289 1020 maticus
318 960 435 1038 qnidam
463 957 535 1017 baec
563 959 776 1035 interpretatus
804 965 862 1018 est:
891 954 936 1018 ‘id
961 966 1008 1020 est
1034 978 1092 1020 non
1122 962 1333 1036 triumphabat·

164 1060 203 1118 ab
227 1053 316 1129 alio';
339 1058 416 1117 Acro
441 1059 463 1115 Α
487 1065 595 1136 autem,
621 1057 672 1133 qui
695 1053 823 1115 Graecae
847 1055 964 1134 linguae
987 1059 1108 1117 minime
1133 1059 1275 1118 scientem
1300 1075 1332 1117 se

164 1149 326 1236 pracbet1),
341 1156 458 1215 omissis
472 1152 593 1214 Graecis
608 1151 757 1213 vocabulis
771 1152 905 1212 Latinam
920 1155 1195 1234 interpretationem
1211 1158 1331 1234 recepit.

253 1250 346 1329 530.
394 1252 429 1312 ad
461 1271 484 1312 c.
509 1251 534 1310 ll
563 1248 660 1312 liin:
692 1247 775 1311 ‘Vlla
807 1254 835 1310 si
866 1254 943 1312 iuris
975 1254 1031 1312 tibi
1058 1257 1193 1330 peierati
1220 1273 1249 1330 p.
1279 1248 1332 1333 Β]

163 1356 338 1414 scaenicum
358 1354 553 1427 principium.
586 1352 817 1423 intellepenelum
837 1353 915 1410 enlm
935 1353 1052 1424 aliquos
1070 1369 1223 1412 sermones
1240 1371 1331 1428 prae-

164 1453 300 1523 cessisse,
328 1450 436 1524 quibus
460 1449 575 1508 Barine
603 1450 693 1508 boec
721 1456 837 1509 noctem
860 1451 910 1508 sui
932 1450 1132 1510 iureiurando
1157 1453 1332 1526 interposito

164 1551 388 1624 repromiserit;
416 1550 486 1608 dein
511 1552 670 1622 postquam
695 1543 853 1620 fefellerit,
882 1552 943 1604 tum
971 1548 1002 1604 in
1030 1547 1107 1606 boec
1135 1549 1228 1607 rerba
1251 1550 1332 1608 bunc

165 1640 321 1721 erupisse?
358 1636 517 1726 Paulyus²)
541 1661 703 1722 pronomen
727 1637 832 1704 ‘baec'
856 1640 1013 1702 delendum
1038 1653 1148 1723 censet,
1172 1646 1240 1723 quia
1261 1644 1331 1704 Por·

165 1743 270 1822 phyrio
295 1741 440 1803 similibus
464 1742 545 1821 locis,
570 1740 621 1801 nbi
644 1741 679 1801 de
704 1759 738 1800 eo
758 1739 890 1818 loquitur
910 1740 945 1800 ad
968 1759 1055 1818 quem
1075 1760 1193 1802 carmen
1213 1744 1333 1822 scripsit

166 1839 318 1921 Horatius,
346 1843 518 1919 pronomine
548 1839 778 1900 demonstrativo
806 1856 865 1898 non
895 1847 1003 1898 utatur.
1054 1838 1127 1899 Cum
1155 1840 1203 1900 illc
1232 1849 1330 1901 autem

164 1937 245 1999 locos
264 1957 322 1999 noo
340 1939 508 2018 addidisset,
527 1940 590 2017 ipse
605 1938 735 1997 carmina
749 1937 926 2017 perlustravi
942 1945 970 1996 et
985 1939 1084 1997 inveni
1099 1937 1330 2018 Porphyrionem

165 2055 283 2115 semper
306 2038 368 2097 lere
393 2054 479 2096 usum
502 2045 567 2096 esse
586 2035 814 2114 pronominibus
833 2029 886 2095 ‘is'
907 2034 952 2094 vel
971 2029 1057 2114 ‘ille',
1081 2034 1197 2096 duobus
1217 2045 1330 2096 tantum

164 2134 237 2195 locis
260 2153 424 2214 pronomen
448 2128 525 2194 ‘hic’
550 2141 638 2195 extat.

252 2233 288 2294 ad
308 2252 333 2294 c.
347 2230 384 2291 lV
398 2230 420 2292 4
433 2233 487 2292 in:
506 2227 558 2273 ‘-
578 2265 614 2274 —
631 2236 748 2308 scripta
767 2238 812 2292 est
830 2249 903 2306 erpa
921 2223 977 2313 (sc.
997 2226 1112 2311 ecloga)
1133 2236 1164 2292 in
1183 2234 1331 2293 Neronem

71 2331 74 2338 ’
165 2333 298 2391 Drusum
318 2334 492 2407 pricipnnm
516 2339 545 2390 et
566 2347 772 2390 successorem
795 2329 932 2403 Aupusti,
956 2332 1010 2404 qui
1027 2330 1140 2391 Raetos
1164 2331 1332 2390 Vindelicos

165 2430 239 2490 bello
275 2432 355 2490 aicit.
402 2432 439 2490 de
471 2431 596 2504 imperio
628 2436 727 2488 autem
757 2430 908 2503 principis
940 2430 1047 2487 buius
1080 2431 1228 2504 duplicem
1253 2426 1333 2503 lacit

5 2527 6 2540 ¹
106 2558 114 2572 ·
166 2531 422 2603 comparationem
446 2534 475 2587 et
497 2544 524 2601 p.
543 2520 579 2585 s.'

252 2625 288 2686 ad
316 2643 360 2704 ep.
389 2624 486 2686 lin:
519 2621 610 2686 ‘banc
643 2628 777 2699 eclopam
810 2627 841 2683 in
870 2625 1042 2701 Pompeium
1071 2627 1193 2686 Menam
1224 2627 1334 2685 scribit

164 2726 304 2785 libertum
319 2726 443 2800 Pompei
456 2723 572 2799 Maeni,
595 2727 650 2799 pai
666 2720 846 2799 praefectus
869 2727 963 2784 classi
977 2723 1046 2800 suit.
1084 2725 1177 2786 Secta
1192 2726 1332 2800 Pompeio

164 2800 456 2884 oettnm‘odoersum
479 2826 648 2897 Aupustum
671 2822 833 2881 Caesarem
854 2829 981 2896 parente
1002 2824 1062 2883 hic
1086 2841 1153 2882 cum
1177 2827 1274 2884 classe
1292 2824 1335 2882 ad

176 2922 336 2982 Caesarem
360 2925 540 2994 transierat,
564 2927 594 2980 et
615 2937 643 2994 p.
661 2914 695 2978 s.’

253 3019 306 3079 llis
334 3019 450 3079 duobus
477 3017 550 3079 locis
576 3033 740 3096 pronomen
767 3009 847 3076 ‘bic'
875 3018 1064 3078 relereodum
1092 3027 1137 3078 est
1165 3019 1201 3078 ad
1226 3036 1332 3078 nomen

166 3119 327 3198 proprium,
350 3117 427 3195 quod
450 3115 611 3195 antecedit;
635 3118 666 3174 in
686 3113 797 3174 scholio
817 3114 853 3175 ad
873 3133 898 3174 c.
913 3114 939 3174 ll
954 3112 973 3176 8
989 3117 1027 3174 in.
1047 3114 1119 3175 illud
1140 3133 1246 3176 nomen
1265 3135 1332 3194 pro·

164 3216 262 3291 prium
285 3232 344 3274 non
368 3214 524 3292 antecedit,
542 3213 599 3272 sed
623 3230 691 3272 cum
714 3215 889 3291 pronomine
914 3214 1105 3274 coniunctum
1125 3223 1179 3293 est,
1203 3214 1280 3292 qnod
1301 3217 1332 3275 in

164 3311 257 3372 allatis
280 3310 422 3390 exemplis
441 3330 501 3371 non
520 3309 636 3389 legitur.
669 3311 805 3371 Attamen
824 3310 898 3372 illud
917 3305 1021 3371 ‘haec'
1038 3313 1159 3371 minime
1174 3312 1331 3373 delendum

163 3418 235 3487 puto
259 3409 363 3470 collato
386 3410 510 3470 heronis
533 3408 556 3467 Α
580 3406 706 3486 scholio,
730 3407 781 3468 ubi
806 3417 864 3469 est:
892 3403 1066 3469 ‘Scenicum
1085 3412 1273 3486 principium
1296 3414 1331 3471 in

172 3508 330 3568 Varinen
353 3511 591 3569 meretricem.
638 3507 829 3582 Intellepitur
852 3510 930 3567 enim
951 3526 1009 3583 per
1032 3509 1113 3568 hunc
1137 3503 1332 3569 invectionem

164 3601 280 3680 aliquos
304 3610 508 3682 praecessisse
529 3622 690 3679 sermones,
719 3607 828 3679 quibus
852 3613 968 3666 noctem
989 3607 1051 3666 sibi
1072 3609 1195 3666 cadem
1221 3606 1332 3667 Variae

164 3706 365 3765 iureiurando
393 3706 585 3780 promiserit;
617 3704 727 3763 debinc
758 3713 917 3779 postauam
945 3702 1056 3778 fefellit
1082 3721 1162 3780 cum,
1197 3708 1227 3764 in
1255 3707 1332 3765 baec

163 3804 256 3863 acrba
280 3809 400 3878 poetam
429 3807 509 3867 uelut
536 3806 686 3862 amantem
715 3797 871 3878 erupisse?
917 3801 971 3861 Est
998 3809 1096 3862 autem
1120 3802 1332 3880 Porphyrionis

164 3899 296 3960 scholion
319 3899 355 3959 ab
375 3901 489 3960 Acrone
508 3901 532 3959 h
551 3899 658 3959 leniter
681 3907 827 3960 mutatum
850 3907 880 3959 et
903 3898 1121 3977 amplificatum.
1158 3900 1232 3961 lllud
1253 3905 1331 3963 enim

164 3999 242 4076 quod
276 4007 321 4059 est
353 3997 430 4077 apud
458 3998 603 4059 heronem
632 3998 655 4057 Α
683 3992 826 4076 ‘cadem',
859 4014 894 4056 ex
921 3996 1135 4075 Porphyrionis
1168 3993 1271 4061 ‘llaec'
1296 4019 1330 4060 ex

164 4098 315 4157 notissima
343 4095 422 4156 illins
450 4094 665 4156 consuetudine
693 4094 828 4155 mutandi
855 4102 954 4155 ortum
977 4111 1043 4154 esse
1066 4102 1139 4174 puto
1163 4104 1193 4156 et
1216 4096 1271 4157 bac
1295 4098 1330 4157 de

164 4213 252 4255 causa
276 4212 335 4254 non
359 4192 524 4253 delendum.
565 4191 609 4252 Ex
633 4211 692 4272 quo
716 4193 861 4272 sequitur,
886 4201 918 4252 ut
941 4210 1049 4252 nomen
1072 4196 1226 4272 proprium
1250 4204 1330 4255 ante-

164 4293 270 4352 cedere
295 4290 412 4372 debeat,
440 4292 475 4351 ad
500 4291 577 4369 qnod
603 4290 793 4351 referendum
817 4294 855 4352 sit
877 4291 949 4352 illud
974 4287 1088 4353 ‘baed
1134 4291 1189 4354 Hic
1213 4312 1330 4372 quoque

254 4420 280 4488 1)
299 4417 339 4473 cf.
358 4417 535 4488 Petschenig.
557 4423 633 4486 18⁷3,
652 4436 678 4487 p.
698 4423 723 4471 2.

253 4503 279 4570 a)
300 4503 377 4568 mu,
395 4516 423 4570 p.
443 4506 485 4554 sa.
