3162 5238
690 385 928 450 —174-

229 572 386 651 neglegens
406 570 493 632 verba
514 578 661 650 corrupta,
681 571 812 647 scripsit:
837 563 973 629 ‘nudae’.
1010 567 1094 645 Apud
1114 569 1260 626 Aaronem
1277 566 1301 624 A
1320 564 1392 624 haec

228 672 409 731 invenimus:
428 666 522 730 ‘Bene
541 676 640 729 autem
658 670 760 728 nudae
775 673 808 726 et
820 669 951 726 solatis
965 668 1069 725 zonis
1086 666 1212 725 Gratiae
1223 668 1392 741 anauntur,

229 773 301 843 auia
325 772 492 829 amicarum
516 770 611 827 animi
627 769 718 826 soluti
734 781 835 826 secum
854 771 884 824 ei
901 767 977 824 nudi
994 781 1058 824 esse
1076 755 1204 824 delient?
1244 760 1393 820 Habemus

228 865 439 946 Porphyrionis
472 865 618 944 scholion,
651 865 736 922 ouius
769 872 899 923 extrema
931 879 999 940 pars
1028 861 1064 920 ab
1092 861 1207 921 Acrone
1235 860 1258 919 A
1287 858 1393 918 leniter

229 970 339 1022 mutata
367 972 420 1024 est.
466 963 595 1040 Apparet
622 969 720 1021 autem
748 960 833 1021 illud:
862 956 986 1020 ‘sisinn
1014 953 1122 1034 nada'
1153 952 1182 1040 (a
1209 977 1243 1017 ex
1269 961 1281 1016 i
1306 974 1393 1036 corr,

228 1060 264 1119 ci.
284 1058 394 1138 Meyeri
417 1053 530 1142 adnot.)
554 1058 628 1118 nihil
651 1076 715 1118 esse
740 1057 817 1118 aliud
843 1059 901 1116 nisi
923 1057 1025 1118 verba:
1049 1053 1087 1128 ‘d
1111 1060 1215 1117 zonis
1238 1048 1392 1127 solatis',

230 1143 363 1235 quamvis
387 1164 524 1234 corrupta
549 1165 578 1214 et
601 1156 765 1234 depravata.

317 1256 353 1315 ad
380 1274 404 1315 c.
433 1252 520 1336 130,
546 1250 578 1314 7:
611 1249 652 1314 ‘et
679 1272 792 1330 parum
820 1259 912 1315 comis
938 1258 1004 1315 sine
1032 1249 1087 1333 te]
1136 1257 1169 1314 ia
1196 1261 1252 1314 est:
1286 1247 1394 1311 ‘minus

229 1346 378 1428 eieaans';
406 1350 495 1413 ‘sine
523 1347 580 1427 te',
608 1355 665 1412 hoc
693 1360 737 1413 est
764 1347 995 1423 ‘venustate’;
1022 1355 1104 1412 scire
1131 1360 1230 1413 autem
1254 1352 1394 1411 dedemus

235 1452 378 1512 Venerem
411 1469 469 1512 uon
502 1457 618 1510 iunium
646 1453 872 1524 concubituum,
905 1467 1008 1510 aeram
1036 1453 1125 1510 etiam
1154 1451 1303 1510 dominam
1331 1465 1395 1508 esse

228 1553 358 1609 omnium
378 1538 619 1624 eieaantiarum?
655 1542 819 1607 AcronisA
838 1549 1013 1608 atictoritate
1033 1547 1243 1626 comprobatur
1262 1540 1394 1624 Paulyi¹)

229 1646 394 1707 emendatio
424 1643 513 1708 ‘sine
540 1641 583 1708 te’
612 1649 669 1706 doc
697 1653 741 1705 esi
768 1641 857 1706 ‘sine
884 1640 1068 1717 venustate';
1101 1646 1178 1726 apud
1206 1644 1288 1705 illum
1316 1645 1394 1704 enim

230 1748 373 1824 scriptum
401 1744 548 1804 videmus:
578 1740 662 1804 ‘Sine
689 1738 732 1805 ie'
762 1747 819 1804 doc
846 1751 890 1804 cst
913 1739 988 1805 ‘sine
1011 1739 1186 1806 venustate'.
1232 1747 1395 1806 Sciendum

229 1851 329 1903 tamen
351 1841 494 1903 Venerem
517 1859 576 1902 non
600 1849 716 1902 tantum
739 1843 923 1914 concubitus,
947 1859 1051 1902 aerum
1074 1845 1164 1903 eiiam
1188 1845 1317 1902 omnium
1337 1844 1393 1902 ei·

226 1943 405 2016 aantiaram
430 1958 493 2000 esse
517 1934 694 2000 dominam'.

318 2037 337 2114 ξ
356 2035 408 2099 29.
441 2038 476 2097 ad
492 2057 515 2098 c.
531 2036 609 2118 134,
626 2035 680 2099 10:
704 2033 853 2098 ‘Taenari
869 2033 983 2118 sedes]
1015 2032 1135 2114 ‘inseri'
1156 2040 1394 2113 iniciieaendum,

230 2138 302 2212 auia
326 2155 386 2212 per
417 2136 587 2197 Taenarum
615 2137 789 2196 Laconicae
817 2139 1064 2211 promunturium
1097 2140 1256 2197 descensus
1285 2137 1328 2194 ad
1353 2137 1395 2194 in·

226 2233 312 2310 seros
336 2229 461 2308 seriur.'
507 2231 551 2294 Ex
579 2235 703 2294 Acronis
727 2234 750 2293 A
779 2233 891 2294 scholio
920 2234 1058 2312 colligere
1086 2251 1243 2311 possumus
1270 2235 1301 2292 in
1327 2232 1396 2291 Por-

229 2332 381 2411 phyrionis
414 2331 608 2409 explicatione
642 2331 764 2391 verbum
798 2327 887 2392 ‘esse’
921 2332 1108 2392 intercidisse
1136 2332 1214 2410 quod
1243 2349 1311 2390 cum
1339 2331 1395 2388 iam

231 2433 413 2491 constructio
446 2432 634 2509 grammatica
666 2429 809 2509 postulet,
842 2430 1059 2491 restituendum
1087 2439 1145 2509 est,
1178 2438 1211 2490 ut
1238 2431 1301 2489 liat:
1334 2423 1395 2488 ‘de-

228 2548 353 2591 scensus
372 2532 415 2589 ad
432 2527 546 2604 inferos
568 2547 643 2588 esse
658 2522 783 2604 fertur?
820 2528 909 2587 Acro
929 2528 965 2588 A:
990 2523 1138 2588 ‘Taenari
1152 2529 1396 2605 promunturium

231 2628 417 2688 Laconicae.
436 2646 496 2704 per
519 2630 600 2701 aaod
623 2630 782 2687 descensus
806 2645 881 2687 esse
904 2629 946 2685 ad
969 2625 1082 2701 inseras
1103 2621 1259 2707 fertur.'²)

319 2726 355 2786 ad
379 2745 404 2786 c.
428 2724 440 2783 l
464 2722 515 2803 37,
535 2722 590 2785 30:
624 2720 751 2785 ‘scilicet
783 2727 919 2784 inuideas
942 2726 1067 2799 priuata
1096 2726 1123 2783 d,
1147 2743 1169 2784 s.
1193 2743 1222 2785 n.
1245 2727 1273 2784 h.
1297 2741 1333 2782 m.
1358 2716 1395 2800 t]

231 2819 395 2885 ‘inuideas'
432 2827 548 2883 scilicet
580 2825 716 2898 Anausin
754 2841 792 2882 ne
828 2825 989 2898 captivitas
1024 2841 1081 2883 sua
1115 2827 1160 2883 iiii
1187 2825 1396 2898 alariasiorem

231 2925 491 2996 honestioremque
514 2923 697 2997 triumphum
718 2919 840 2996 faceret
862 2927 1002 2980 ornatu.
1040 2939 1110 2981 nam
1134 2928 1163 2982 et
1189 2921 1270 2982 Titus
1293 2921 1396 2980 Liuius

230 3020 339 3095 refert,
368 3023 450 3079 itiam
477 3035 545 3078 cum
574 3021 611 3079 de
639 3022 792 3079 industria
821 3020 859 3078 ad
883 3023 1017 3093 Anausin
1046 3023 1076 3080 in
1101 3023 1276 3096 captivitate
1299 3020 1395 3078 indui-

228 3122 349 3192 aeniius
378 3123 569 3177 tractaretur
596 3119 766 3178 idemtidem
794 3119 900 3177 dicere
927 3120 1044 3178 solitam
1064 3117 1175 3192 faisse:
1205 3107 1255 3177 Οὐ
1278 3119 1398 3196 θριαμ-

232 3210 394 3295 βεύσομαι
423 3217 457 3274 id
483 3215 527 3275 est
555 3232 614 3274 non
638 3216 848 3291 triumpliadnr
876 3216 914 3274 ad
943 3209 1024 3274 atia'
1054 3249 1096 3258 —
1123 3213 1181 3274 lam
1211 3214 1397 3273 conferamus

231 3332 298 3373 cum
327 3313 383 3374 hoc
412 3311 523 3372 scholio
551 3312 675 3372 Acronis
704 3315 727 3372 A
756 3311 857 3372 verba:
891 3307 942 3354 ³-
972 3345 1007 3355 -
1036 3315 1171 3373 invidens
1199 3312 1333 3387 Anausin
1360 3329 1398 3370 ne

231 3415 391 3488 captivitas
413 3428 470 3470 sua
495 3414 539 3470 iiii
556 3414 767 3486 speciosiorem
783 3410 905 3487 faceret
923 3414 1113 3488 triumphum.
1154 3412 1229 3470 Nam
1249 3416 1279 3470 et
1296 3410 1399 3468 Liuias

231 3507 342 3584 refert:
365 3509 556 3584 Cieopatram
575 3527 643 3569 cum
662 3511 700 3568 de
718 3511 871 3568 industria
886 3511 924 3569 ad
938 3511 1074 3584 Anausin
1089 3516 1180 3585 capta
1195 3509 1400 3582 induiaentius

233 3613 432 3679 tractaretur,
457 3608 561 3665 dicere
583 3609 715 3666 solitam:
740 3601 816 3666 ‘Non
841 3603 1086 3683 triumphahor.’'
1105 3639 1141 3649 -
1159 3605 1307 3666 Habemus
1330 3603 1399 3664 Por-

232 3706 383 3784 phyrionis
413 3702 559 3785 scholion,
587 3703 729 3763 habemus
755 3702 917 3763 levissimas
940 3704 1003 3764 illas
1026 3707 1205 3765 mutationes
1228 3704 1351 3763 Acronis
1375 3701 1398 3761 A

232 3805 376 3883 proprias,
396 3797 636 3878 ‘speciosiorem'
653 3821 706 3881 pro
726 3802 937 3881 Porphyrionis
953 3799 1172 3878 ‘alariosinrem
1187 3805 1398 3864 honestiorem-

232 3896 314 3976 auc’,
339 3894 458 3977 ‘capta'
482 3918 536 3979 pro
557 3895 599 3960 ‘in
619 3895 824 3977 captiuitate';
847 3901 897 3960 sed
918 3901 1120 3961 desideramus
1139 3901 1221 3962 illum
1241 3898 1399 3960 ablativum

233 3994 381 4073 ‘ornatu',
406 3998 591 4076 quadecausa
616 4016 682 4059 euru
703 4017 762 4059 non
780 3997 1003 4079 Porphyrionis,
1027 3999 1078 4058 sed
1097 4001 1261 4078 posteriore
1281 3998 1399 4059 demum

232 4105 327 4158 aetate
357 4096 430 4156 inale
458 4096 589 4158 additum
619 4115 684 4157 esse
713 4115 862 4176 censeam,
890 4097 969 4177 quod
998 4105 1031 4157 ui
1058 4099 1175 4177 luciam,
1204 4099 1291 4157 etiam
1316 4095 1398 4156 loeus

233 4204 383 4256 extremus
407 4212 467 4273 quo
490 4197 605 4273 positus
629 4205 675 4255 est
698 4205 804 4256 monet.
842 4193 989 4255 Insertum
1013 4197 1105 4273 igitur
1126 4203 1170 4253 est
1190 4195 1245 4253 hoc
1265 4197 1398 4271 ineptum

233 4295 463 4355 additamentum
497 4302 651 4372 postquam
686 4295 762 4354 Acro
793 4294 816 4353 A
850 4294 1050 4372 expositiones
1085 4309 1153 4352 suas
1187 4291 1399 4371 Porphyrionis

325 4422 350 4490 1)
371 4424 447 4487 1876,
466 4437 491 4490 ρ,
513 4426 538 4474 8,

322 4503 349 4572 2)
369 4501 408 4555 Cf,
427 4499 523 4569 Pauly.
545 4505 621 4570 1876,
640 4520 667 4571 p.
688 4507 711 4556 8.
