3162 5238
718 415 958 479 —tta-

252 601 342 678 igitur
362 617 419 659 non
439 598 475 658 ab
495 617 527 658 ea
548 597 827 658 commentariorum
846 598 948 676 forma,
968 614 1055 675 quam
1074 595 1192 656 codices
1207 594 1417 675 Porphyrionis

253 697 337 758 nobis
361 696 512 775 praebent.
550 696 651 775 ltaque
676 699 701 758 si
721 699 770 758 cui
788 697 999 776 Porphyrionis
1024 694 1087 754 loco
1111 691 1254 753 medelam
1278 692 1417 754 adhihere

253 798 347 856 coacti
375 814 490 875 sumus,
514 796 550 855 ad
579 794 702 856 Acronis
726 796 749 855 A
778 794 901 875 scholia,
930 793 980 854 ubi
1008 791 1127 873 quidem
1157 809 1190 850 ex
1215 791 1417 871 Porphyrione

254 901 441 975 emanarunt,
465 895 593 971 primum
618 913 671 954 nos
696 902 902 955 convertamus
926 909 1048 952 necesse
1072 897 1125 950 εει.

344 992 423 1062 Quae
443 1009 509 1052 cum
529 993 569 1051 ita
589 993 649 1053 sint
670 1001 804 1053 nostrum
825 999 869 1052 est
889 1008 963 1069 quac
982 989 1148 1050 invenimus
1167 987 1202 1047 ad
1219 1006 1304 1048 usum
1323 996 1417 1050 trans-

252 1093 338 1173 ferre,
363 1089 441 1169 quod
466 1090 612 1168 quomodo
631 1091 696 1151 lieri
715 1092 818 1171 possit,
842 1087 984 1168 exemplis
1003 1087 1240 1147 demonstremus
1259 1086 1418 1170 nonnullis,

251 1189 359 1269 quibus
383 1189 506 1248 heronis
531 1189 552 1248 Α
577 1187 698 1248 scholiis
723 1188 816 1248 adiuti
839 1187 951 1247 mederi
974 1203 1029 1246 nos
1053 1201 1139 1264 posse
1163 1192 1310 1262 putamus.

339 1283 428 1364 §Pl
466 1286 500 1346 ad
525 1283 715 1348 a.128in.:
744 1282 798 1347 ‘Te
825 1289 919 1346 rnaris
946 1291 977 1345 et
1002 1291 1106 1344 terrae
1133 1303 1162 1343 n.
1186 1278 1231 1363 a]
1260 1287 1336 1345 baec
1360 1288 1417 1346 ade

247 1379 511 1464 pr·osopap<a>eia
545 1384 680 1458 sarmata
718 1391 769 1445 est,
820 1385 977 1444 inducitur
1015 1385 1093 1442 enirn
1126 1399 1237 1458 carpus
1269 1382 1419 1459 naufrapi

252 1486 408 1560 Archytae
435 1483 592 1543 Tarentini
620 1486 651 1543 in
675 1486 745 1543 litus
769 1486 925 1558 expulsam
949 1483 1096 1555 conqueri
1118 1481 1155 1540 de
1179 1483 1295 1540 iniuria
1318 1485 1368 1540 sui
1389 1488 1419 1541 et

247 1589 354 1660 petere
390 1577 452 1660 <a>
486 1582 754 1657 praetereuntibus
794 1582 988 1655 sepulturam.
1039 1579 1089 1637 bie
1130 1584 1230 1637 autem
1266 1579 1418 1655 Archytas

252 1683 476 1757 Pptbaaarieus
488 1677 557 1754 suit,
574 1683 636 1753 aui
648 1681 776 1740 merita
789 1679 974 1752 peametriae
984 1679 1111 1752 peritus,
1130 1678 1203 1750 quia
1218 1677 1419 1752 Pptbaporiei

253 1782 353 1839 amnia
376 1779 510 1837 numeris
534 1783 675 1837 constare
699 1768 848 1836 credunt?

337 1876 379 1935 hc
412 1877 540 1952 primum
574 1873 692 1951 quidem
726 1872 915 1933 scribendum
948 1880 1034 1950 puto:
1067 1867 1156 1933 ‘baec
1188 1864 1254 1957 pide*
1293 1867 1329 1932 ἐκ
1359 1869 1418 1952 τῆς

249 1970 519 2056 προσωποποιίας
543 1971 679 2046 sarmata
707 1967 770 2033 est'
823 1964 879 2052 (ct.
903 1973 991 2031 etiam
1015 1969 1126 2031 Comm.
1150 1970 1251 2051 Cruq.:
1279 1969 1337 2044 Hae
1362 1971 1417 2031 ode

250 2067 285 2133 ἐκ
308 2067 366 2150 τῆς
389 2067 678 2150 προσωποποιΐας.
695 2117 702 2130 .
718 2063 738 2150 )
746 2062 772 2152 1)

338 2167 423 2246 Apud
452 2166 598 2228 Aaronem
627 2168 648 2226 Α
678 2169 756 2227 enim
790 2175 881 2228 extat:
915 2163 1011 2229 ‘Haec
1043 2170 1100 2228 ade
1132 2187 1171 2228 eae
1198 2171 1417 2245 prosopopaeia

247 2267 382 2344 formata
411 2259 473 2326 est'
521 2263 647 2324 llubium
677 2264 749 2325 mihi
772 2283 831 2324 non
855 2274 913 2344 est,
942 2267 1013 2344 quin
1037 2264 1086 2324 illo
1110 2273 1257 2346 tempore,
1281 2284 1339 2344 qao
1363 2283 1416 2344 pro

251 2365 371 2425 Graecis
395 2363 515 2423 Latinae
539 2362 649 2422 formae
674 2361 889 2451 scribebantur,
913 2366 943 2424 in
968 2361 1068 2424 codice
1091 2363 1188 2442 aliquo
1206 2364 1417 2442 Porphyrionis

249 2462 476 2524 commentarios
504 2461 668 2520 continenti
696 2464 839 2540 scripturn
869 2463 972 2523 luerit:
1001 2456 1097 2523 ‘Haec
1126 2464 1182 2523 ade
1211 2465 1249 2522 de
1272 2479 1415 2538 prosopa·

245 2564 336 2638 paeia
362 2557 497 2636 formata
525 2553 593 2632 est’,
622 2557 673 2618 ubi
701 2559 838 2621 facillime
867 2561 1045 2639 praepositio
1075 2555 1142 2621 ‘de'
1165 2567 1233 2638 post
1257 2553 1342 2620 ‘ade'
1368 2578 1415 2619 ex·
1462 2589 1471 2597 ·

253 2659 351 2719 cidere
375 2664 499 2736 poterat.

340 2755 451 2816 Deinde
479 2757 510 2814 in
539 2755 640 2816 codice
664 2753 692 2816 M
720 2759 862 2818 omissum
890 2767 935 2817 est
965 2755 1138 2818 vocabulum
1168 2750 1309 2817 ‘dicitur'
1338 2755 1415 2834 quod

249 2854 412 2933 Meyerus
436 2856 466 2913 in
491 2853 620 2914 editione
643 2855 756 2916 addidit
779 2863 846 2941 post
871 2873 971 2922 vocem
995 2848 1146 2932 ‘peritus',
1171 2854 1249 2933 quod
1269 2853 1415 2931 quomodo

249 2953 393 3013 exciderit
416 2953 607 3030 perspicuum
628 2971 685 3013 non
706 2962 759 3014 est.
798 2954 881 3025 Quod
902 2955 995 3014 ceteri
1014 2954 1130 3014 codices
1150 2952 1221 3013 illud
1242 2950 1415 3012 vocabulum

249 3050 405 3131 praebent,
435 3049 491 3109 hoc
516 3048 625 3110 nullius
649 3055 791 3113 momenti
815 3062 872 3132 est,
903 3070 968 3112 nam
993 3053 1110 3130 saepius
1133 3052 1255 3128 vestigia
1280 3048 1414 3110 ernenda-

249 3150 338 3210 tionis
366 3149 397 3208 in
426 3149 463 3207 iis
491 3149 695 3230 reperiuntar3
724 3152 844 3210 minime
868 3169 903 3209 ex
926 3149 981 3209 hac
1004 3168 1037 3209 re
1061 3150 1196 3227 seqnitur
1219 3143 1361 3209 ‘dicitur'
1385 3150 1415 3208 in

248 3248 328 3308 lonte
362 3246 473 3307 codicis
500 3244 529 3304 M
562 3246 661 3307 luisse.
708 3248 785 3328 Ergo
818 3249 983 3327 videamus,
1017 3265 1090 3325 quae
1121 3247 1197 3306 Acro
1226 3247 1247 3305 Α
1283 3245 1415 3307 exhibet:

252 3342 327 3419 ‘Qui
341 3346 479 3421 Archyta
494 3345 718 3421 Pytbaaoricus
734 3346 797 3421 suit
812 3350 997 3423 peametriae
1012 3353 1040 3407 et
1054 3348 1278 3422 asteroscapiae
1288 3349 1414 3422 peritas.

250 3446 452 3520 Pythayoricr'
478 3445 557 3502 enirn
585 3447 684 3504 omnia
712 3450 846 3506 numeris
874 3452 1015 3506 constare
1043 3439 1168 3506 dicunt?
1215 3442 1287 3503 Cum
1317 3450 1414 3503 autem

248 3541 324 3600 Acro
352 3540 375 3599 Α
404 3547 462 3598 tam
491 3547 553 3598 arte
582 3540 616 3599 ad
646 3541 857 3622 Porphyrionis
885 3542 973 3604 verba
1003 3561 1034 3602 se
1063 3540 1190 3621 applicet
1216 3573 1252 3583 -
1283 3543 1415 3619 exceptis

248 3637 306 3698 illis
336 3637 491 3697 levissimis
519 3635 745 3702 mutationibus:
774 3636 863 3714 ‘Qui'
892 3659 946 3720 pro
974 3634 1064 3711 ‘bic';
1092 3634 1198 3700 ‘enirn'
1222 3657 1276 3716 pro
1300 3633 1415 3713 εᾳειαζ·

249 3731 383 3797 ‘dicunt'
403 3753 457 3813 pro
473 3731 629 3796 ‘eredunt'
645 3745 675 3797 et
690 3737 788 3798 verbis
803 3734 844 3800 ‘et
858 3732 1106 3815 asterasaopiae’,
1120 3755 1195 3815 quae
1210 3735 1246 3796 ah
1261 3737 1375 3797 Acrone
1392 3741 1411 3797 Α

249 3833 294 3893 vel
313 3852 328 3892 a
348 3834 514 3912 posteriore
534 3851 622 3894 manu
642 3835 739 3896 addita
758 3845 827 3898 sunt
842 3869 878 3880 —
896 3839 1003 3897 mirum
1023 3843 1077 3916 est,
1096 3854 1150 3896 cur
1169 3853 1269 3896 vocem
1285 3831 1413 3896 ‘merita'

248 3932 324 3992 horo
349 3932 542 4014 demiserit,
571 3934 630 3992 nisi
656 3932 735 3994 illam
763 3937 792 3994 in
820 3934 1032 4013 Porphyrionis
1060 3932 1193 4013 exemplo
1217 3951 1271 3993 suo
1295 3934 1413 3993 omnino

339 4133 364 4198 1)
388 4129 553 4199 Quanquam
574 4130 782 4187 Hirschfeldero
802 4133 926 4203 (Quaest.
947 4132 1042 4187 Horat.
1063 4130 1204 4201 specimen
1223 4131 1312 4187 Berol.
1335 4134 1414 4202 1862)

248 4212 278 4264 et
291 4209 410 4263 Iordano
425 4209 476 4278 (De
494 4213 710 4268 commentatore
725 4213 835 4268 Horatii
849 4212 1007 4281 Graqniano
1020 4212 1144 4282 prolusio
1159 4210 1317 4282 Regimont.
1334 4214 1413 4282 1883)

249 4289 457 4345 concedendum
476 4293 518 4344 est
533 4290 756 4348 commentatore
775 4309 831 4347 non
850 4291 905 4347 nisi
918 4296 1068 4363 praecaute
1081 4291 1300 4360 mandamento,
1319 4293 1414 4346 tamen

248 4387 361 4439 prorsus
385 4369 576 4440 neglegendus
599 4388 654 4426 non
678 4376 733 4438 est,
760 4374 863 4443 quippe
887 4373 935 4442 qui
959 4376 1008 4428 εει
1031 4374 1066 4428 ab
1090 4374 1151 4441 ipso
1174 4371 1362 4442 Porphyrione
1386 4373 1415 4426 et

248 4449 355 4505 Acrone
375 4449 498 4520 pendeat
516 4451 564 4504 aut
582 4450 763 4508 fundamento
782 4454 938 4508 exstructus
957 4453 1007 4522 ait,
1027 4453 1101 4523 quod
1122 4453 1157 4506 ad
1174 4450 1287 4506 illorum
1307 4450 1414 4508 scholia

249 4547 333 4599 quam
351 4529 475 4602 proxime
494 4530 611 4588 accedit.
