3162 5238
638 415 878 480 -189-

176 608 272 679 atquo,
292 601 543 659 continuationem
572 598 740 658 accuratius
763 596 978 675 contemplatus
1003 600 1075 680 eris,
1103 598 1187 660 facile
1210 601 1344 658 invenies

175 695 247 756 illud
262 696 516 778 Porphyrioneum
532 716 585 758 nos
600 715 659 757 non
675 693 783 756 dehere
799 695 940 774 Charisio,
956 695 1008 755 sed
1024 695 1054 756 C.
1069 695 1160 756 lulio
1176 697 1329 757 Romano
1334 747 1343 776 ‚

176 796 260 854 cuius
291 814 326 854 ex
355 794 430 857 libro
458 789 622 876 ἀφορμῶν
649 793 696 872 ille
724 793 799 854 hanc
828 795 1024 854 institutionis
1054 813 1123 855 suae
1152 805 1267 874 partem
1295 797 1342 856 de·

175 895 327 971 prompsit.
365 894 407 954 En
432 914 490 975 quo
515 896 555 974 tit,
580 903 612 953 ut
630 891 841 971 Porphyrionis
866 894 1023 953 terminum
1049 895 1151 954 aetatis
1170 894 1343 954 inferiorem

175 989 356 1069 aliquantum
381 1011 532 1054 removere
557 993 713 1071 possimus.

263 1088 324 1151 Hoc
348 1090 412 1152 loco
436 1090 619 1152 reiciendum
644 1098 697 1169 est,
721 1087 799 1167 quod
821 1083 1024 1168 Schwahius¹)
1046 1091 1158 1169 statuit,
1183 1091 1233 1168 qui
1253 1108 1343 1168 quan-

175 1205 261 1264 quam
282 1189 417 1248 concedit
436 1199 526 1249 totam
547 1188 620 1247 hanc
641 1185 767 1246 Charisii
785 1196 900 1265 partem
918 1186 985 1247 Iulii
1004 1186 1128 1247 llomani
1147 1205 1221 1267 esse,
1245 1198 1343 1248 tamen

174 1284 234 1344 sola
258 1285 305 1345 illa
331 1285 558 1366 verba,·quihus
582 1283 746 1363 Porphyrio
771 1295 1032 1364 commemoratur,
1061 1284 1097 1345 ah
1121 1287 1184 1364 ipso
1210 1285 1342 1346 Charisio

174 1383 298 1443 Romani
326 1382 422 1445 verbis
450 1386 560 1444 inserta
589 1401 653 1442 esse
682 1382 842 1442 contendit.
888 1382 972 1452 Quod
996 1391 1030 1443 ut
1053 1383 1176 1464 faceret,
1204 1385 1241 1443 iis
1264 1402 1342 1443 com·

173 1489 270 1541 motus
303 1499 367 1542 esse
401 1480 529 1561 videtur,
562 1499 636 1560 quac
669 1480 746 1560 apud
779 1479 904 1540 Urham
938 1481 974 1540 de
1002 1480 1203 1561 Porphyrione
1237 1492 1342 1560 quarto

174 1579 291 1639 saeculo
316 1578 510 1640 adscribendo
534 1573 646 1662 legitl)
695 1578 751 1639 Sed
776 1598 813 1639 ne
832 1579 936 1640 leviter
955 1581 985 1639 in
1005 1579 1059 1639 hac
1079 1598 1121 1660 re,
1141 1599 1214 1659 quae
1235 1583 1343 1640 summi

172 1679 314 1738 momenti
328 1686 381 1757 est,
396 1696 482 1756 agere
497 1677 658 1758 videamur,
672 1676 844 1738 Charisione
859 1697 896 1738 an
910 1678 1042 1738 Romano
1057 1676 1128 1739 illud
1144 1679 1341 1757 fragmentum

173 1776 426 1856 Porphyrioneum
451 1775 641 1836 tribuendum
666 1777 713 1855 sit,
737 1774 907 1854 diligentius
931 1777 1139 1856 disceptemus.

260 1871 350 1950 §45
393 1872 437 1933 Ex
464 1875 500 1934 iis
529 1892 603 1952 quae
632 1872 782 1935 Charisius
812 1876 895 1952 operi
923 1893 977 1934 suo
1006 1876 1190 1953 praeposuit:
1219 1870 1342 1936 ‘Amore

172 1973 277 2033 Luttut'
302 1975 448 2033 sermonis
472 1975 609 2048 ohlt'pure
632 1979 661 2032 te
684 1977 821 2048 cupterm,
847 1976 895 2046 fili
915 1974 1090 2052 karissime,
1120 1981 1217 2034 artem
1238 1992 1341 2050 prum-

172 2073 314 2131 moticum
331 2073 467 2132 sollertia
486 2073 725 2131 doctissimorum
745 2075 881 2131 virorum
896 2074 1022 2146 politum
1044 2078 1074 2130 et
1091 2089 1111 2129 u
1129 2088 1175 2130 mc
1195 2074 1341 2146 dipestum

173 2173 203 2229 tu
222 2171 308 2229 lthrts
328 2172 460 2244 quinque
479 2173 556 2230 douo
576 2170 632 2228 tihi
649 2163 731 2228 mist'
751 2176 874 2248 apparet
891 2167 974 2227 illum
989 2185 1057 2228 cum
1072 2167 1106 2226 ad
1123 2170 1339 2229 institutionem

172 2268 390 2344 grammaticam
410 2266 595 2326 scribendam
615 2285 646 2326 se
666 2267 825 2345 conterret,
844 2268 875 2326 in
894 2268 990 2326 animo
1006 2265 1144 2326 hahuisse
1165 2285 1200 2326 ex
1215 2265 1339 2326 aliorum

173 2365 429 2442 grammaticorum
463 2365 582 2442 scriptis
615 2383 648 2424 ea
677 2382 752 2443 quae
781 2363 837 2424 sihi
866 2364 1036 2424 viderentur
1064 2381 1223 2443 excerpere
1253 2373 1282 2425 et
1310 2366 1339 2424 in

173 2480 263 2522 tinum
301 2464 385 2541 quasi
421 2480 530 2542 corpus
568 2481 753 2542 componere.
809 2462 948 2541 Inprimis
986 2480 1058 2523 usus
1090 2471 1136 2522 est
1168 2462 1339 2523 auctoribus

172 2559 201 2620 C.
232 2559 323 2619 lulio
355 2559 523 2642 Romano,
554 2559 740 2636 Palaemone,
774 2554 990 2642 Commerui),
1028 2579 1155 2640 quorum
1187 2580 1223 2622 ex
1255 2560 1339 2621 libris

172 2675 290 2735 magnas
323 2668 422 2738 partes
455 2661 518 2718 sine
547 2658 604 2720 ulla
632 2661 836 2720 immutatione
864 2661 894 2719 in
927 2676 1014 2718 suum
1042 2657 1152 2718 librum
1180 2658 1339 2720 transtulit

172 2753 256 2826 Quod
285 2756 330 2816 vel
358 2757 426 2817 inde
451 2757 646 2836 intellegitur,
680 2756 757 2835 quod
787 2754 944 2816 nonnullos
972 2754 1065 2835 locos,
1093 2755 1144 2816 uhi
1172 2763 1276 2816 auctor
1303 2757 1338 2817 ad

171 2853 259 2915 alium
280 2857 326 2914 sui
344 2857 444 2934 operis
463 2863 577 2935 partem
591 2847 773 2938 provocati),
792 2872 915 2935 prorsus
929 2855 1061 2931 integros
1077 2856 1197 2932 recepit.
1226 2853 1339 2923 Quade·

171 2970 257 3012 causa
281 2953 456 3033 plerumque
480 2954 600 3014 difficile
619 2973 678 3013 non
699 2962 744 3014 est
763 2953 798 3013 ad
818 2951 1007 3012 statuendum
1027 2970 1115 3031 qrrem
1135 2953 1253 3032 quoque
1273 2953 1338 3013 loco

125 3041 130 3050 ⁶
171 3058 322 3111 auctorem
341 3061 462 3114 secutus
482 3055 522 3113 sit
535 3051 696 3134 Charisius,
714 3053 889 3131 pracsertim
910 3069 977 3111 cum
997 3068 1210 3129 saepenumero
1231 3070 1338 3111 nomen

171 3150 243 3227 eius,
266 3150 315 3208 cui
338 3149 413 3210 hanc
437 3158 550 3230 partem
574 3149 671 3230 dehet,
695 3150 805 3211 afferat.
841 3148 943 3228 ltaque
968 3151 1031 3209 sine
1056 3149 1114 3209 ullo
1138 3148 1237 3210 labore
1260 3169 1338 3210 com-

169 3245 253 3324 plura
277 3245 404 3306 Charisii
427 3251 521 3329 capita
544 3251 742 3328 inveniemus,
769 3267 844 3328 quae
868 3256 949 3308 certe
974 3267 1009 3307 ex
1033 3246 1158 3308 Romani
1180 3247 1265 3308 libris
1289 3248 1337 3308 ille

170 3342 343 3422 compilator
366 3349 506 3426 sumpsit,
535 3346 614 3406 velut
641 3342 690 3407 ‘de
713 3343 873 3422 unalopt'o'
898 3340 930 3428 (l.
955 3365 979 3406 c.
1004 3364 1032 3424 p.
1057 3339 1260 3429 tlt-147),
1289 3343 1339 3408 ‘de

170 3439 329 3505 adverbio'
359 3439 402 3527 (p.
426 3440 627 3523 teo-224),
656 3440 706 3506 ‘de
733 3438 959 3507 coniuncttoue’
989 3436 1031 3526 (p.
1055 3439 1260 3526 ane-230),
1288 3441 1338 3506 ‘de

166 3539 407 3619 praeposittoue'
435 3536 478 3625 (p.
503 3539 715 3624 236-238),
743 3538 792 3605 ‘de
820 3538 1046 3604 interiectioue'
1070 3535 1112 3626 (p.
1137 3538 1336 3625 239-242).

169 3639 321 3700 Accedunt
349 3641 506 3702 nonnullae
536 3643 665 3701 minores
689 3641 863 3721 particulae,
892 3659 966 3720 quae
992 3639 1115 3700 Romani
1138 3659 1245 3700 nomen
1266 3659 1336 3720 prae

170 3754 201 3796 se
229 3737 336 3798 ierunt.
383 3737 463 3808 Quae
493 3740 518 3799 si
545 3739 793 3820 contemplamur,
821 3740 924 3828 sugere
954 3757 1007 3798 nos
1036 3757 1093 3798 uon
1117 3748 1217 3818 potest
1240 3741 1336 3799 omnia

258 3976 285 4042 1)
309 3973 424 4029 Teuffel.
453 3974 518 4030 hisi.
542 3973 597 4029 litt.
621 3973 715 4028 Rom.⁵
737 3991 765 4042 p.
789 3979 855 4040 9603
883 3973 917 4027 cf.
943 3972 1029 4028 etiam
1053 3971 1168 4027 Schanz.
1190 3972 1255 4028 hist.
1279 3973 1335 4028 litt.

170 4051 258 4123 Rom,
278 4055 326 4123 qui
345 4055 461 4109 eandem
481 4053 650 4110 sententiam
669 4052 809 4123 professus
828 4056 878 4108 est.

258 4137 285 4205 2)
304 4133 345 4189 Cf.
368 4134 387 4189 l.
416 4153 438 4190 c.
462 4155 489 4206 p.
509 4141 573 4190 612:
604 4135 677 4190 ‘Das
701 4131 831 4188 Zeitalter
853 4135 899 4189 des
922 4133 984 4188 Sea.
1008 4134 1153 4204 Pompeius
1178 4131 1278 4187 Festus
1300 4135 1337 4188 iot

168 4217 340 4286 wudehaoct;
361 4219 485 4272 iodcsseo
507 4219 597 4273 citiert
620 4233 648 4270 er
666 4217 766 4270 Lucan
789 4216 849 4270 cod
867 4214 986 4268 Martini
1008 4215 1068 4268 und
1089 4215 1160 4270 witti
1182 4215 1262 4268 selbot
1283 4230 1336 4268 coo

169 4297 311 4352 mansius
328 4299 398 4363 (also
418 4299 535 4352 Iulius
551 4296 733 4366 Romanus)
751 4295 798 4350 Gr.
813 4295 848 4348 L.
862 4296 884 4348 I
894 4312 924 4363 p.
938 4298 1005 4362 220,
1019 4298 1057 4350 28
1075 4295 1281 4365 (Porphyrio
1298 4312 1336 4348 cc

171 4377 288 4434 Verrio
307 4383 335 4432 et
353 4377 465 4447 Festo)
486 4409 519 4418 -
534 4408 567 4417 —
584 4407 616 4417 -
636 4377 814 4446 aupefathrtit
824 4377 831 4400 '

255 4461 283 4528 3)
303 4458 344 4513 cf.
363 4457 619 4515 Schottmr'iller.
643 4456 684 4512 De
704 4457 732 4511 C.
748 4456 822 4512 Plini
841 4455 962 4511 Secundi
980 4455 1170 4526 grammaticis
1189 4455 1210 4509 Ι.

256 4544 285 4610 4)
303 4539 342 4594 df.
364 4538 434 4594 Keil.
455 4539 500 4597 Gr.
520 4541 550 4594 L.
569 4539 583 4592 Ι
601 4558 628 4609 p.
648 4544 709 4607 209,
729 4543 771 4594 21.
