3162 5238
721 407 963 472 -192-

261 589 342 649 Idem
362 591 423 648 veri
442 588 537 648 simile
558 591 627 650 lecit
641 588 872 667 Porphyrionem
891 589 938 648 his
957 589 1030 649 locis
1047 607 1105 648 non
1120 589 1154 648 ad
1171 591 1252 668 ipsos
1266 592 1426 669 scriptores

262 697 405 767 spectare,
428 688 479 747 sed
504 689 539 748 ad
564 687 651 748 alium
677 689 728 767 qui
751 690 807 746 iam
832 705 935 746 eorum
959 686 1043 746 libris
1067 705 1140 747 usus
1163 690 1211 763 sit,
1235 707 1322 767 quem
1342 688 1425 748 Hele·

262 787 343 845 nium
371 785 517 846 heronem
550 786 641 845 luisse
675 803 728 845 sno
762 786 827 844 iure
860 786 1020 845 contendit.
1070 785 1124 845 Hic
1158 795 1254 846 autem
1286 786 1426 846 Helonius

261 886 350 966 hero,
379 902 466 963 quem
490 882 653 963 Porphyrio
678 883 761 943 allent
785 882 819 942 ad
845 883 938 943 Serm.
962 878 1126 964 18,251)‚
1152 891 1220 943 ante
1244 884 1323 944 hune
1346 886 1427 964 vixit,

263 992 357 1042 aetate
382 991 480 1043 autem
504 983 627 1042 inferior
651 982 768 1042 videtur
791 1000 856 1041 esse
875 981 980 1061 Gellio,
1008 1000 1023 1040 a
1048 1000 1106 1068 quo
1131 999 1279 1060 nrrnquam
1301 1001 1428 1042 comme·

262 1088 404 1141 moratur.
427 1080 528 1160 ltaque
545 1083 605 1139 veri
620 1081 714 1141 simile
734 1090 861 1141 osteum
877 1079 932 1140 sub
946 1079 1034 1162 finem
1049 1081 1172 1140 secundi
1187 1079 1232 1138 vel
1246 1083 1331 1141 initio
1346 1082 1427 1140 tertii

262 1179 371 1239 saeculi
403 1180 491 1239 vitam
524 1178 648 1256 degisse.
699 1179 769 1239 Inde
802 1180 937 1258 sequitur
965 1176 1197 1258 Porphyrionem
1225 1181 1318 1258 priori
1345 1181 1427 1239 tertii

261 1275 370 1336 saeculi
394 1278 471 1355 parti
494 1294 559 1335 esse
585 1275 784 1357 tribuendum,
806 1277 913 1337 lulium
938 1283 1035 1336 autem
1055 1275 1218 1336 Romanum
1243 1278 1340 1337 medio
1364 1277 1425 1336 lere

261 1373 377 1434 saeculo
401 1383 495 1435 aetate
518 1369 693 1456 ssoruisse.²)

349 1470 449 1555 §aa
476 1474 572 1551 Atque
601 1481 634 1532 ut
657 1490 800 1532 summam
824 1472 966 1533 iaciamus
990 1473 1078 1533 huius
1102 1473 1322 1552 disputationis,
1351 1490 1425 1551 quae

260 1573 439 1650 reperimus,
463 1572 564 1648 paucis
588 1577 732 1648 repetam:
1295 1585 1297 1592 ’

330 1671 354 1728 l.
394 1687 426 1727 ea
444 1670 557 1728 ratione
573 1687 630 1747 qua
645 1686 717 1728 usus
732 1676 778 1727 est
791 1668 896 1749 Urba,
915 1668 1126 1749 Porphyrionis
1141 1678 1220 1730 aetas
1236 1671 1428 1730 determinari

393 1785 452 1826 non
476 1773 582 1846 potest.
1232 1835 1235 1840 Δ

326 1863 355 1926 2.
393 1864 591 1943 Porphyrio
620 1883 635 1924 a
660 1864 692 1924 Ga
711 1863 802 1925 lulio
831 1865 984 1926 Romano
1013 1867 1148 1927 citatur
1172 1866 1322 1945 ideoque
1347 1873 1427 1925 ante

391 1963 497 2043 hunc,
520 1963 553 2021 id
578 1971 633 2023 est
655 1965 761 2023 initio
786 1965 889 2024 tertii
915 1952 1053 2024 saeculi¹
1074 1965 1170 2024 vixit.

326 2059 354 2122 3.
392 2060 502 2122 scholia
535 2061 598 2122 cod.
626 2059 709 2120 Paris
739 2058 871 2122 790οΑ
901 2064 1071 2140 saepissime
1105 2062 1140 2121 ad
1173 2064 1328 2141 pristinam
1355 2061 1426 2121 Por-

391 2159 543 2238 phyrionis
568 2161 847 2220 commentariorum
872 2160 996 2220 sormam
1020 2167 1162 2239 spectant,
1189 2160 1372 2239 quadeeausa
1396 2162 1425 2218 in

391 2258 581 2318 emendandis
606 2258 652 2317 his
676 2259 812 2337 inprimis
836 2256 1000 2318 adhibenda
1025 2266 1102 2318 sunt.

326 2355 354 2416 4.
393 2374 488 2435 neque
517 2354 626 2416 scholia
652 2355 717 2416 eod.
741 2355 824 2415 Paris
850 2352 974 2434 79757
1001 2354 1110 2414 nullius
1134 2357 1275 2416 momenti
1299 2355 1424 2416 suntad
1501 2339 1504 2344 ⁵
1575 2425 1576 2434 χ

392 2454 467 2514 hane
492 2454 737 2515 emendationem.

738 2703 949 2711 -—-—--————-

664 2895 1018 2992 APPIlNlllX.

832 3112 857 3177 Ι.

347 3259 367 3336 ξ
383 3256 434 3320 50.
464 3257 590 3337 Scripsit
604 3258 640 3320 M.
656 3257 843 3319 Gitlhauer
857 3260 888 3317 in
904 3257 1130 3318 excursionibus
1144 3257 1337 3338 philologieis,
1353 3277 1426 3338 quas

258 3377 334 3418 anno
360 3353 445 3419 1885
469 3357 573 3438 edidit,
597 3377 624 3437 p.
646 3353 709 3419 125
719 3375 783 3436 sqq.
806 3357 842 3416 de
867 3355 1077 3435 Porphyrionis
1101 3356 1233 3435 exemplo
1258 3355 1426 3437 Horatiano,

258 3457 336 3535 quod
360 3455 476 3536 abeis,
504 3475 579 3534 quiae
603 3474 682 3517 nunc
706 3455 791 3515 nobis
815 3464 932 3534 praesto
957 3464 1040 3534 sunl,
1068 3454 1218 3514 diversum
1241 3455 1333 3514 fuisse
1357 3473 1423 3514 cou-

258 3554 361 3634 tendil‚
384 3554 413 3612 id
439 3554 516 3632 quod
541 3557 577 3634 ei,
601 3572 767 3632 quanquam
792 3553 949 3632 perpaucis
971 3560 1085 3612 tantum
1105 3551 1176 3611 loeis
1196 3547 1426 3632 cognoscitur3),

261 3654 358 3731 aliquo
387 3652 474 3711 modo
502 3651 665 3711 concedere
694 3669 861 3729 possumus.
912 3649 969 3709 Sed
998 3648 1070 3710 illud
1093 3649 1221 3727 primum
1251 3649 1427 3729 exemplum,

261 3750 349 3831 quod,
378 3757 411 3810 ut
439 3751 614 3810 seutentiam
639 3768 721 3810 suam
748 3747 966 3828 comprobaret,
995 3747 1095 3828 elegit,
1123 3749 1242 3807 minime
1266 3747 1427 3827 respondet

258 3850 463 3927 expectationi.
514 3851 580 3928 Agit
604 3855 701 3908 autem
722 3846 907 3907 Gitlbauer
931 3846 967 3905 de
987 3843 1023 3904 Vl
1046 3845 1136 3922 primi
1159 3843 1228 3904 libri
1246 3846 1376 3904 carmine
1396 3855 1426 3906 et

346 4059 372 4125 1)
392 4055 525 4110 ‘Mennim'
542 4072 582 4109 me
600 4057 683 4127 lepore
702 4056 777 4124 apud
796 4054 942 4108 Helenimn
960 4053 1093 4108 Aaronem
1111 4058 1137 4106 et
1154 4070 1178 4122 q.
1193 4052 1242 4122 sp!

345 4138 372 4205 2)
392 4135 495 4189 Parum
507 4135 595 4205 igilur
609 4134 759 4206 diligenter
772 4133 962 4190 Froehdiua
978 4134 1007 4203 (l.
1018 4150 1041 4186 e.
1056 4151 1082 4202 p.
1094 4134 1156 4200 6⁷2)
1171 4131 1240 4186 lacit
1254 4133 1423 4188 contendens

256 4217 424 4272 ‘Romanum
452 4216 553 4269 librum
580 4210 719 4286 ἀφορμῶν
745 4215 795 4270 enh
821 4216 900 4282 finem
924 4214 1037 4268 alteriue
1059 4214 1101 4266 cel
1122 4213 1203 4266 initio
1225 4213 1301 4267 tertii
1322 4215 1425 4268 saeculi

256 4296 456 4366 composuisse!
496 4293 641 4359 Quomodo
664 4295 738 4350 enim
763 4295 854 4349 dicere
877 4293 1014 4364 potuerit:
1040 4293 1122 4348 ‘nihil
1139 4294 1234 4346 docent
1251 4297 1424 4362 prammetiei

256 4395 370 4448 quorum
384 4383 459 4430 odes
472 4377 577 4430 incerto
589 4382 635 4442 eat,
652 4381 683 4430 ut
697 4376 831 4430 Helonius
845 4374 927 4442 Acro,
942 4373 1146 4443 Porphyrio,
1159 4375 1314 4429 Arruntios
1325 4373 1424 4441 duos,

257 4457 384 4514 Statilius
402 4455 573 4522 Meeimna’,
592 4455 721 4526 intellegi
738 4472 851 4526 prorsus
869 4471 925 4510 non
943 4455 1043 4523 potest.

347 4539 374 4606 3)
394 4534 434 4589 ef.
454 4535 491 4589 ad
510 4552 534 4589 e.
552 4534 590 4586 IV
606 4540 639 4589 15
652 4535 690 4589 in.
