3162 5238
707 369 942 434 -184-

329 553 363 613 ad
394 571 438 632 ep.
467 551 501 634 2,
524 551 575 615 29.
627 552 765 630 Porph.:
793 548 923 614 “annus
954 550 1115 614 hihernns'
1144 549 1213 630 pro
1237 548 1407 615 ‘hihernum

241 661 354 728 tempas
378 645 488 712 anni’.’
516 684 551 692 -
579 651 668 711 Acro
692 648 732 711 P:
756 646 823 727 ‘pro
847 653 1005 712 hihernam
1029 657 1143 728 tempus
1167 647 1260 712 anni'

329 749 363 810 ad
393 768 437 828 ep.
461 747 495 829 2,
520 745 571 810 39.
621 747 761 828 Porph.:
795 742 866 809 ‘non
899 752 943 810 ait
974 745 1094 825 ‘quodsi
1124 757 1154 811 ot
1180 753 1297 827 podica
1328 769 1409 811 anor

242 853 356 911 rustico
371 843 556 924 continpat',·
574 866 630 909 neo
645 851 723 908 enim
738 850 891 908 existimat
905 846 1030 923 difficile
1044 867 1109 910 esse
1122 852 1268 909 rusticam
1282 866 1409 909 nnorem

238 951 384 1026 pudicam
407 966 478 1021 esse,
503 964 571 1007 oum
595 963 695 1007 omnes
709 948 841 1023 pudicas
860 964 924 1006 esse
944 949 1078 1022 intelleyi
1095 951 1172 1008 uelit.
1203 950 1259 1008 sed
1275 950 1332 1008 hoc
1352 950 1409 1006 nit:

242 1049 349 1122 yaodsi
371 1053 399 1106 et
423 1062 549 1106 onorem
572 1047 695 1119 haheat,
720 1062 799 1119 qaae
822 1047 937 1118 alioqui
955 1048 1071 1120 pudico
1093 1053 1146 1105 cst.
1187 1051 1409 1122 potestantem
1452 1053 1454 1059 ’

242 1148 344 1218 ntique
372 1146 516 1204 accidere
538 1139 678 1222 [idioma.
725 1150 754 1204 et
782 1150 825 1202 cst
853 1145 1037 1204 consuetudo
1063 1135 1246 1225 rustica]¹),
1274 1151 1308 1204 nt
1330 1160 1410 1204 anor

244 1261 302 1304 non
326 1245 373 1315 sit,
397 1246 444 1302 acl
465 1245 537 1317 ania
561 1244 694 1302 nondum
713 1245 805 1302 dacto
824 1249 876 1319 est,
899 1245 947 1302 uel
963 1245 1036 1316 qnia
1056 1246 1157 1317 aliquo
1177 1260 1250 1303 casn
1270 1245 1410 1318 adempta

244 1334 307 1401 est.'
331 1373 372 1379 —
397 1339 487 1399 Acro
512 1338 551 1401 P:
580 1332 650 1400 ‘non
679 1343 738 1400 ait:
766 1341 874 1413 quodsi
900 1345 928 1398 et
952 1342 1068 1415 pudica
1096 1357 1177 1401 anor
1202 1343 1317 1401 rustico
1341 1357 1409 1401 eon·

243 1441 332 1513 tinyit
350 1469 388 1478 -
404 1456 501 1512 neque
525 1440 603 1497 enim
627 1436 754 1512 dificile
777 1439 924 1511 aestimat,
948 1440 1095 1498 rusticam
1119 1456 1246 1499 docorem
1265 1441 1413 1514 pudicam

243 1555 318 1610 esse,
343 1553 411 1596 cam
435 1552 534 1596 omnes
554 1537 685 1611 pudicas
710 1537 844 1610 inteileyi
861 1538 931 1595 uelit
957 1568 994 1577 —
1015 1540 1070 1597 sed
1091 1539 1149 1597 hoc
1173 1539 1231 1597 uit:
1254 1539 1363 1611 quodsi
1384 1545 1413 1597 et

244 1627 369 1694 onorem
393 1635 511 1708 haheat,
535 1652 614 1708 pirae
637 1636 752 1708 alioqui
765 1635 882 1709 pudiea
901 1634 947 1692 sit.
981 1641 1198 1710 potestantem
1218 1638 1361 1696 accidere
1379 1643 1413 1694 ut

243 1753 324 1795 anor
347 1737 377 1794 ei
399 1735 528 1807 nonsit,
553 1750 643 1807 qnam
667 1734 799 1794 nondum
823 1734 948 1792 duxerit
971 1736 1017 1793 vel
1039 1735 1121 1807 qnod
1142 1737 1243 1808 aliquo
1263 1753 1337 1795 casn
1357 1736 1409 1794 ad·

245 1840 343 1909 empta
366 1824 425 1892 sit'

332 1929 435 2009 adep.
461 1926 489 2008 3,
511 1926 538 1989 7.
585 1927 724 2006 Porph:
753 1923 819 1988 ‘suh
842 1931 899 1991 hoc
926 1931 1073 1990 (lanidlae
1101 1933 1220 1991 nomine
1241 1931 1412 1992 Gratidiam

244 2031 473 2105 Neapolitanam
510 2030 744 2102 unynentariam
783 2030 918 2102 intelleyi
948 2032 1022 2102 uult,
1060 2046 1150 2102 ynam
1182 2036 1215 2088 ut
1250 2033 1412 2102 veneficam

244 2127 391 2186 Horatius
409 2141 527 2201 semper
546 2127 723 2185 insectatur.
760 2129 814 2186 sed
831 2129 904 2200 qnia
923 2143 983 2186 non
1002 2128 1072 2186 licet
1087 2128 1268 2202 probrosam
1288 2145 1412 2188 carmen

247 2227 277 2284 in
297 2240 475 2298 quemquam
493 2225 638 2298 scrihere,
659 2226 775 2285 idcirco
794 2223 864 2300 sere
877 2231 987 2300 poetae
1004 2225 1115 2283 similia
1135 2225 1302 2299 addnynnt.
1324 2229 1370 2286 sic
1384 2235 1413 2288 et

251 2322 401 2396 Veryilias
439 2324 470 2380 in
502 2322 655 2382 Bucolicis
685 2340 743 2398 pro
780 2323 940 2398 Cytheride
972 2322 1154 2398 Lycoridem
1185 2319 1336 2399 appellat?
1373 2359 1409 2368 -

245 2420 335 2479 Acro
360 2418 398 2480 P:
422 2414 497 2479 ‘Suh
520 2421 577 2480 hoc
605 2421 752 2480 Canidiae
775 2423 893 2480 nomine
915 2421 1085 2480 Gratidiam
1105 2421 1335 2496 Neapolitanam
1358 2443 1411 2484 un-

243 2521 439 2594 yaentariam
463 2521 597 2593 inteliepi
618 2523 687 2594 ruit,
712 2536 801 2592 quom
824 2525 858 2578 nt
880 2521 1045 2591 ueneficam
1063 2518 1210 2579 Horatius
1233 2538 1349 2597 semper
1368 2525 1411 2582 in·

244 2619 389 2690 sequitur.
440 2617 503 2676 Sed
534 2619 606 2690 quia
639 2634 698 2676 non
730 2619 801 2677 licet
825 2618 1006 2692 prohrosum
1034 2633 1158 2677 carmen
1187 2620 1219 2678 in
1246 2623 1413 2696 qnempiam

245 2717 391 2790 scrihere,
411 2717 529 2776 idcirco
546 2722 654 2791 poetae
672 2719 783 2776 similia
803 2717 986 2789 connnynnt.
1023 2717 1104 2776 sient
1123 2708 1246 2796 Morffl)
1266 2720 1296 2776 in
1316 2719 1412 2779 Buco-

248 2819 314 2876 licis
334 2833 393 2891 pro
422 2815 583 2891 Cytheride
606 2815 788 2892 Lycoridem
812 2806 962 2890 appellat?

333 2913 369 2972 ad
393 2931 438 2990 ep.
466 2909 505 2972 14
520 2915 558 2972 in.
603 2911 745 2990 Porph.:
769 2907 824 2972 ‘ad
846 2911 1056 2972 Maecenatem
1078 2915 1219 2986 loquitar.
1260 2915 1414 2987 sipnilicat

247 3015 327 3072 illum
353 3009 532 3085 frequenter
556 3012 593 3070 de
615 3028 648 3071 se
670 3028 833 3084 quaerere,
863 3027 920 3069 cnr
943 3013 1085 3084 neyleyat
1107 3013 1247 3070 carmina
1270 3013 1415 3072 scrihere.

247 3110 355 3169 deinde
382 3110 471 3182 quasi
498 3109 752 3181 interroyotiones
780 3111 844 3168 eins
867 3110 966 3167 rolens
990 3108 1127 3181 effayere
1150 3124 1282 3168 amorem
1306 3127 1412 3170 caasa-

247 3203 318 3268 tnr.'
330 3240 368 3249 —
381 3206 470 3266 Acro
482 3203 520 3265 P:
535 3199 719 3279 ‘Alloquitur
730 3207 938 3267 Maecenatem
952 3207 1131 3279 siynificnns
1143 3208 1224 3266 illum
1236 3206 1415 3282 frequenter

246 3303 283 3366 de
301 3324 333 3366 se
352 3322 510 3379 quaerere,
531 3320 588 3364 cnr
607 3307 748 3379 neyleyat
767 3307 906 3365 carmina
920 3304 1064 3364 scrihere.
1096 3305 1206 3365 deinde
1220 3308 1309 3379 qnasi
1322 3309 1414 3366 inter-

248 3407 421 3478 royationes
445 3405 509 3462 eius
533 3405 632 3462 uolens
656 3404 793 3477 effayere
816 3418 949 3463 amorem
973 3392 1174 3481 causatur.'³)

335 3498 355 3576 ὅ
375 3497 425 3561 38.
463 3497 635 3577 Quanquam
656 3499 766 3560 scholia
782 3501 813 3561 Γ
822 3500 997 3578 plerumque
1016 3515 1076 3556 non
1091 3506 1148 3556 tam
1164 3515 1256 3575 prope
1271 3499 1414 3560 accedunt

247 3600 282 3659 ad
316 3597 394 3657 iilam
427 3597 582 3674 pristinam
612 3595 735 3655 iormarn
763 3597 1043 3656 commentariorum
1070 3593 1294 3676 Porphyrionis,
1327 3616 1414 3675 quam

248 3694 358 3756 scholia
377 3694 409 3776 A,
435 3701 531 3753 tamen
556 3702 666 3752 temere
690 3694 864 3773 faceremus,
888 3694 914 3752 si
937 3693 972 3752 iis
996 3709 1112 3752 omnem
1137 3695 1342 3754 auctoritatem
1367 3693 1416 3754 ah-

249 3794 446 3854 indicaremus
479 3790 513 3851 ad
547 3790 763 3852 emendandum
791 3790 1037 3871 porphyrionem,
1070 3790 1122 3850 sed
1152 3789 1203 3850 uhi
1220 3792 1265 3850 ,iis
1295 3794 1415 3872 utimur,

338 3929 365 3996 1)
385 3927 463 3982 Haec
484 3925 589 3982 delevit
606 3926 735 3994 Meyerus
753 3927 783 3982 in
802 3927 933 3984 aditione.

338 4013 365 4072 i)
384 4005 424 4062 Oi.
443 4004 655 4076 Pahsehenigius
675 4011 752 4075 1873,
770 4025 797 4076 p.
813 4014 838 4062 5.

337 4089 364 4158 3)
383 4086 484 4142 Omnia
507 4088 577 4142 haee
600 4085 728 4155 exempla
751 4087 857 4156 sumpsi
880 4103 912 4141 ex
936 4085 1048 4142 scholiis
1073 4087 1132 4142 cod.
1152 4084 1238 4140 Paris.
1260 4091 1328 4142 7975
1344 4109 1360 4156 γ
1379 4089 1415 4143 ad

248 4189 271 4226 a.
286 4169 351 4223 Iva
369 4183 458 4236 usqne
476 4165 513 4219 ad
528 4167 638 4235 epodon
652 4184 674 4221 o.
687 4166 758 4235 XVI,
778 4183 849 4236 qnae
862 4165 1092 4222 Kursehahius
1106 4165 1312 4222 accuratissime
1328 4167 1416 4222 edidit

250 4250 280 4304 in
297 4251 393 4319 Progr.
412 4263 505 4318 gymn.
524 4245 614 4302 Tilsit.
634 4265 658 4302 a.
679 4252 760 4317 1884,
781 4247 847 4317 quin
865 4245 911 4301 hic
930 4245 1047 4302 certiore
1066 4245 1248 4302 fundamento
1267 4248 1310 4302 uti
1327 4249 1415 4318 potui,

249 4348 333 4401 quam
352 4328 375 4383 si
394 4326 576 4382 Hauhhnlii
599 4326 750 4382 editionem
773 4325 965 4382 adhibuissem
984 4327 1029 4395 (oi.
1048 4327 1196 4380 Kursohai.
1216 4346 1242 4397 p.
1262 4329 1301 4398 ὅ),
1326 4344 1413 4397 quan·

250 4430 333 4481 quam
353 4412 387 4464 da
407 4406 522 4465 scholiis
541 4408 577 4463 nd
592 4406 738 4463 Sermones
757 4410 786 4463 et
800 4406 943 4476 Epistulas
962 4407 1037 4461 idem
1055 4406 1140 4461 valet.
1174 4405 1214 4463 Oi.
1229 4406 1329 4463 deinde
1344 4425 1415 4477 quae

250 4488 479 4545 Knrschatius
497 4487 527 4542 in
546 4488 774 4543 adnotationibus
795 4488 831 4542 nd
850 4485 960 4558 singula
979 4483 1086 4543 scholia
1099 4485 1256 4558 adsenpsir.
