3162 5238
610 408 851 471 -177-

147 589 224 668 quod
253 591 349 667 primo
374 607 462 668 supra
489 589 683 669 adscriptum,
711 588 831 668 deinde,
855 590 932 649 sicut
956 589 1045 650 multa
1070 589 1137 671 alia,
1165 592 1196 650 in
1219 592 1312 670 ipsius

145 686 357 766 Porphyrionis
389 687 477 747 rerba
510 689 638 766 irrepsit.
689 685 780 747 Recte
810 689 901 765 igitur
929 686 1091 768 Meysrus
1119 688 1194 749 hanc
1222 691 1311 750 inter·

146 782 323 861 palationem
348 784 510 845 eiciendum
534 787 659 846 censuit.

234 880 319 959 §32
354 883 388 943 ad
409 885 439 944 o.
449 883 476 942 ll
493 880 541 963 18,
556 879 612 945 38:
632 878 694 943 ‘bic
711 887 813 943 leuare
824 882 965 958 sunctum
976 903 1144 962 pauperem
1157 887 1312 947 laboribus

146 989 269 1041 uocatus
292 990 383 1057 atque
401 1001 461 1043 aaa
480 990 604 1043 uocatus
624 976 739 1060 audit]
772 983 855 1056 belle,
879 987 952 1058 quia
970 1001 1051 1044 raors
1070 987 1233 1044 necessitas
1252 990 1313 1053 est,·

146 1082 188 1138 ita
203 1085 302 1140 tamen
313 1087 464 1158 perpetua
478 1083 599 1155 requies
613 1075 771 1140 laborum?
793 1078 985 1141 Conferamus
997 1080 1122 1140 heronis
1132 1081 1155 1140 A
1166 1080 1312 1140 scholion:

146 1172 239 1238 ‘Bene
262 1171 376 1238 ‘audit'
400 1181 472 1252 quia
491 1195 572 1239 mors
591 1187 624 1238 ut
642 1181 806 1239 necessitas
824 1185 878 1257 est,
902 1181 944 1238 ita
959 1186 1111 1256 perpetua
1131 1186 1175 1239 est
1192 1181 1312 1253 requies

145 1269 303 1336 laborum?
348 1274 419 1335 lnde
445 1284 567 1355 apparet
590 1278 619 1335 in
644 1275 855 1355 Porphyrionis
879 1278 1090 1337 commentario
1114 1286 1182 1354 post
1206 1271 1313 1338 ‘mors'

145 1374 259 1434 incuria
282 1373 396 1434 librarii
419 1374 563 1434 excidisse
587 1369 660 1445 ‘ut’;
685 1391 751 1433 nam
775 1393 842 1434 oum
866 1382 960 1435 totum
985 1375 1109 1435 heronis
1132 1375 1155 1434 Α
1180 1373 1313 1434 scholion

145 1472 356 1551 Porphyrionis
385 1474 436 1553 sit,
464 1474 526 1532 veri
554 1471 648 1532 simile
679 1478 809 1538 non,est
837 1471 918 1532 illum
948 1472 1094 1533 addidisse
1118 1491 1219 1532 vocem
1243 1467 1312 1532 ‘ut'.

146 1569 256 1631 Deinde
284 1563 471 1652 Paulyus¹)
500 1587 554 1650 pro
588 1565 643 1630 eita
676 1563 793 1631 tauren'
826 1571 945 1647 scripsit
977 1564 1032 1630 ‘ita
1060 1565 1174 1646 etiam’‚
1208 1578 1241 1630 ut
1268 1578 1313 1629 est

145 1669 221 1747 apud
250 1668 361 1729 Comm.
385 1667 487 1750 Cruq.;
516 1669 566 1728 sed
592 1687 650 1729 non
674 1668 790 1746 dubito,
819 1669 890 1745 quin
914 1667 987 1727 illud
1016 1663 1146 1728 ‘tamen'
1175 1668 1248 1728 nihil
1277 1672 1314 1728 sit

146 1768 204 1826 nisi
227 1767 366 1826 mendum
390 1765 511 1827 librarii.
553 1765 691 1827 Fortasse
715 1769 803 1827 etiam
826 1767 905 1827 inter
929 1762 1076 1842 ‘requies'
1100 1775 1130 1828 et
1149 1762 1314 1830 ‘laborum'

145 1865 297 1925 intercidit
320 1859 401 1945 (θεῖ’,
425 1866 476 1926 sed
500 1866 556 1926 hoo
582 1867 612 1925 in
635 1865 733 1926 medio
756 1864 929 1943 relinquam.

233 1963 268 2022 ad
283 1982 308 2023 o.
323 1961 363 2022 lll
378 1960 407 2044 3,
422 1960 478 2023 46:
497 1958 570 2038 ‘qua
589 1965 704 2023 medius
722 1966 821 2037 liquor
839 1967 973 2024 secernit
988 1965 1130 2039 Europen
1154 1965 1193 2024 ab
1209 1959 1314 2043 Afro]

148 2061 331 2121 Gaditanum
355 2079 454 2122 arare
473 2060 611 2136 [return
630 2063 801 2136 siqnificat;
823 2063 895 2121 inde
913 2064 992 2121 enim
1012 2064 1148 2121 discerni
1165 2063 1314 2137 incipiunt

145 2161 271 2236 Europa
302 2167 331 2221 et
359 2155 479 2237 Libya?
528 2159 624 2219 Verba
651 2154 849 2219 ‘Gaditanum
881 2177 967 2220 mare
995 2156 1126 2234 fretum'
1158 2178 1217 2219 non
1248 2177 1313 2220 esse

145 2259 258 2336 integra
281 2260 339 2318 iam
363 2276 452 2337 supra
477 2250 816 2337 commemoravimus2),
840 2255 891 2317 ubi
916 2276 990 2336 quae
1016 2259 1069 2317 viri
1093 2258 1173 2318 docti
1197 2258 1233 2318 de
1257 2258 1313 2316 hoc

144 2355 210 2415 loco
243 2357 405 2436 senserint,
438 2359 569 2435 exposita
603 2364 680 2424 sunt,
736 2354 881 2433 Equidem
915 2355 964 2415 hic
997 2358 1173 2416 sententiam
1207 2374 1314 2435 sequar

145 2453 355 2534 Petschenigii,
375 2456 426 2534 qui
445 2453 618 2516 vocabulum
640 2448 779 2529 ‘fretum'
794 2472 848 2531 pro
863 2453 1037 2532 glossemate
1053 2453 1219 2514 habendum
1234 2455 1313 2514 ideo·

145 2570 203 2630 que
232 2550 389 2611 delendum
418 2555 542 2614 censuit.
590 2552 647 2611 Sed
672 2561 793 2629 quaerat
817 2552 866 2613 hic
890 2553 1048 2634 quispiam,
1078 2553 1224 2632 quomodo
1249 2553 1313 2612 lieri

143 2650 285 2730 potuerit,
304 2659 337 2710 ut
356 2650 530 2712 vocabulum
549 2645 664 2710 ‘mare’
684 2649 781 2711 addita
801 2668 871 2710 voce
886 2645 1026 2726 ‘fretum'
1041 2648 1260 2729 explicaretur?
1273 2685 1310 2694 —

143 2749 228 2828 Apud
249 2751 410 2828 scriptores
429 2752 566 2829 antiquae
587 2750 745 2808 memoriae
765 2765 882 2826 semper
899 2749 1043 2826 scriptum
1058 2749 1191 2808 invenies
1206 2744 1312 2810 ‘Guar-

144 2855 248 2908 tauum
265 2843 405 2923 fretum',
430 2847 507 2928 quod
527 2857 560 2908 ut
579 2845 777 2926 comprobem,
801 2846 855 2905 hos
874 2845 955 2906 locos
975 2847 1107 2907 afferam:
1131 2846 1191 2908 Cio.
1210 2849 1312 2926 fragm.

144 2964 190 3024 ap.
214 2944 325 3006 Charis.
349 2966 376 3026 p.
402 2943 474 3026 129,
489 2944 522 3007 8:
551 2947 658 3019 Fretu,
686 2947 792 3006 Cicero
817 2939 855 3004 ‘A
876 2940 1045 3005 Gaditauo'
1070 2948 1168 3020 iuquit
1191 2941 1313 3022 ‘fretu';

145 3043 236 3104 Solin.
263 3041 372 3124 18,1;Ι
393 3041 579 3106 <existimant
611 3046 689 3104 enirn
718 3046 841 3119 quidam
868 3045 953 3103 sinus
981 3046 1052 3103 istos
1081 3061 1100 3102 a
1131 3044 1312 3106 Gaditano

140 3141 243 3218 freto
266 3147 355 3204 nasci
377 3137 443 3215 -';
466 3139 588 3223 23,13:
617 3137 690 3203 ‘Sed
715 3144 933 3202 Gaditanum
954 3140 1104 3217 fretun,
1132 3160 1151 3202 a
1178 3144 1313 3203 Gadibus

144 3243 267 3315 dictura,
294 3236 360 3313 -';
387 3238 509 3322 24,11:
537 3236 609 3301 ‘Liar
637 3259 656 3301 a
683 3241 864 3300 Gaditano
886 3238 987 3313 freto
1011 3247 1130 3300 centum
1154 3242 1312 3302 duodecim
1394 3319 1398 3330 ⁴

143 3341 264 3400 milibus
287 3332 342 3422 (se.
367 3333 487 3419 abest)';
515 3337 592 3397 Flor.
616 3356 660 3416 ep.
685 3338 729 3397 ed.
749 3335 842 3397 Halm.
861 3355 888 3414 p.
909 3333 960 3417 57,
980 3334 1035 3397 22:
1059 3331 1211 3398 ‘Tiberius
1232 3340 1312 3399 Nero

148 3439 367 3498 Gaditanum
383 3436 531 3513 fretum,
550 3453 608 3510 quo
624 3438 757 3512 primurn
771 3437 865 3494 maris
880 3437 978 3495 nostri
991 3437 1080 3494 limen
1095 3439 1235 3511 aperitur
1247 3432 1313 3508 —',·

143 3535 218 3595 Plin.
242 3534 276 3596 N.
291 3535 326 3596 H.
341 3535 380 3595 lll
408 3535 499 3615 praef.
527 3531 561 3595 4:
598 3529 705 3607 ‘ariqo
738 3534 776 3592 ab
813 3549 924 3593 occasu
957 3533 1034 3594 Solis
1067 3540 1097 3593 et
1131 3534 1312 3596 Gaditano

140 3633 257 3711 freto,
294 3653 352 3710 quo
385 3639 556 3712 irrumpens
592 3633 731 3694 Oceanus
762 3635 933 3691 Atlanticus
965 3634 997 3691 in
1029 3634 1129 3692 maria
1162 3636 1310 3694 interiora

145 3731 331 3808 diffunditur
357 3729 421 3804 -’;
452 3731 491 3793 lll
517 3729 543 3812 l,
567 3730 599 3791 1:
633 3725 675 3789 ‘in
703 3732 786 3814 'duas
814 3737 920 3806 partes
953 3731 991 3789 ab
1024 3747 1111 3790 amne
1143 3731 1240 3792 Tanai
1270 3734 1314 3791 ad

4 3797 7 3900 i
147 3833 367 3893 Gaditanum
384 3831 460 3907 fret
466 3849 520 3891 ura
534 3833 674 3890 uniuersa
689 3829 762 3888 orbe
777 3830 872 3888 diuiso
889 3822 954 3898 -’;
972 3827 1075 3887 lsidor.
1089 3826 1311 3906 urig.x11115:

4 3939 5 3950 ¹
145 3925 234 3991 ‘Nara
246 3932 465 3991 Gaditanum
476 3928 612 4003 fretum
626 3945 646 3986 a
659 3925 794 3985 Gadibus
809 3928 922 3985 dictum
932 3921 1310 4008 —';ntaer0n.vu12,35:

4 3959 6 4078 5
144 4021 197 4069 ‘—
210 4031 242 4088 in
252 4027 335 4104 sreto
350 4035 395 4088 est
411 4029 591 4086 Gaditano
607 4019 673 4096 -’;
687 4022 800 4085 lordan.
816 4022 879 4082 Get.
895 4040 954 4083 rec.
970 4022 1141 4083 Mommsen.
1156 4043 1183 4102 p.
1194 4020 1245 4106 55,
1257 4023 1310 4086 1οε

144 4119 197 4166 ‘-
223 4128 310 4185 lauta
334 4123 470 4200 fretum
496 4125 713 4184 Gaditanum
736 4115 804 4192 -';
831 4139 859 4198 p.
885 4117 1014 4194 1021:
1044 4117 1094 4164 ‘-
1120 4126 1174 4200 qui
1196 4126 1310 4184 dicitur

140 4222 263 4300 fretus
290 4225 494 4283 Gaditanus
517 4215 579 4279 -'.
625 4215 858 4280 ‘Gaditanum
886 4213 1001 4278 mare'
1026 4228 1124 4280 autem
1149 4239 1206 4281 non
1231 4231 1310 4282 extat

181 4480 182 4486 =
235 4450 261 4521 1)
282 4453 358 4521 teto,
377 4471 403 4522 p.
426 4455 466 4506 16.

234 4534 261 4603 2)
279 4531 319 4587 cf.
338 4531 421 4586 huius
441 4533 543 4605 disput.
561 4546 588 4603 p.
611 4531 667 4588 tat.

199 4632 406 4674 commentationes
421 4634 534 4674 Ienensos.
553 4634 580 4673 V.
