3162 5238
698 379 937 443 -188—

232 554 1395 642 casuseptimodissereret¹),haecprodidit:‘studentesucerdotediffereatt'u

232 668 353 724 inuento
376 670 439 722 est.
456 709 462 720 .
479 651 746 734 ,σπουδάζοντος
770 654 882 740 ἱερέως
904 647 925 737 ἡ
950 649 1096 738 διαφορὰ
1119 648 1270 740 phoeba?

320 760 379 820 lam
412 758 515 820 eadem
542 766 642 819 extant
670 757 759 818 verba
786 760 818 818 in
846 756 1001 835 Excerptis
1029 755 1174 836 Anonymi
1201 754 1398 842 Bobiensis2),

233 858 284 920 uhi
310 858 383 919 haec
411 857 550 935 legimus:
577 852 728 917 ‘studente
751 857 918 917 Sacerdote
946 856 1121 928 auferentia
1144 860 1265 918 iouente
1289 865 1333 919 est
1347 907 1353 918 .
1369 906 1398 920 ..

233 948 479 1030 σπουδάζοντος
498 955 531 1014 Σ
535 948 653 1035 ure'pd
659 973 755 1026 ωτος
778 944 798 1034 ἡ
818 943 964 1035 διαφορὰ
984 943 1133 1033 gepitio?
1176 953 1257 1024 Quae
1276 957 1302 1015 si
1321 975 1398 1016 com-

232 1073 377 1135 paramus,
393 1071 507 1114 errasse
522 1053 692 1114 Diomedem
707 1052 930 1114 eoncedendum
945 1062 998 1131 est,
1013 1072 1080 1114 cum
1095 1071 1197 1114 vocem
1212 1050 1400 1117 ‘secerdote’

232 1171 337 1214 nomen
358 1151 564 1231 appellativum
584 1170 649 1212 esse
664 1150 873 1232 arbitraretur3
892 1169 928 1211 ex
942 1150 1034 1212 altero
1050 1153 1129 1211 enim
1143 1170 1231 1229 quem
1246 1152 1398 1215 attulimus

231 1251 294 1312 loco
319 1259 441 1330 apparet
459 1244 684 1312 ‘Sacerdotem’
707 1250 799 1310 luisse
823 1268 931 1310 nomen
949 1250 1103 1329 proprium
1123 1251 1188 1311 eius
1207 1255 1398 1330 grammatici,

231 1349 266 1409 nd
291 1367 378 1428 quem
403 1355 464 1408 tota
487 1347 559 1408 haee
583 1348 619 1408 de
644 1349 768 1426 septimo
793 1366 863 1408 casn
887 1347 1047 1428 disputatio
1071 1347 1225 1409 referenda
1249 1358 1307 1431 θεῖς
1335 1343 1398 1412 erat

232 1450 310 1508 enim
330 1447 418 1507 huius
433 1449 595 1526 proprium,
611 1454 644 1507 ut
660 1448 691 1506 in
704 1446 845 1526 exemplis
861 1449 1031 1526 saepissime
1046 1449 1164 1508 nomine
1180 1465 1233 1508 sno
1250 1457 1398 1530 uteretur3

231 1553 385 1625 praeterea
413 1544 486 1606 haec
514 1547 661 1605 sententia
685 1547 876 1619 confirmatur
899 1545 1006 1626 verbis,
1030 1564 1104 1625 qnae
1128 1546 1204 1624 apud
1228 1547 1399 1608 Diomedem

230 1637 456 1724 antecedunt³):
480 1637 625 1704 ‘ceterum
648 1647 687 1706 uh
710 1649 757 1706 lu's
780 1648 903 1720 quidam
923 1647 1106 1725 discrepeat,
1130 1649 1290 1719 quiedam
1309 1649 1397 1722 septi-

233 1762 311 1804 mum
335 1760 439 1804 cesum
463 1744 632 1817 adsumunt,
657 1747 710 1818 qui
732 1751 776 1804 est
794 1746 925 1804 ablativo
943 1745 1056 1824 similis,
1081 1745 1201 1803 ratione
1219 1750 1320 1803 autem
1338 1761 1397 1804 aon

231 1845 386 1921 congruit,
419 1843 506 1902 cuius
539 1841 745 1915 differentium
778 1846 914 1903 inserere
946 1843 1031 1900 haud
1053 1842 1155 1916 piguit
1182 1835 1246 1900 ite?
1295 1840 1397 1920 ltaque

230 1939 385 2000 Diomedes
400 1945 468 2016 post
484 1935 567 1997 illutn
582 1941 814 2023 grammaticum,
829 1957 917 2019 quem
931 1937 1055 1998 Marium
1070 1937 1197 1997 Plotium
1209 1936 1397 2000 Sacerdotem

230 2039 321 2122 sitisse
347 2039 470 2097 maxime
494 2034 647 2115 probabile
671 2047 728 2114 est,
757 2046 850 2098 artem
874 2055 957 2098 ettam
980 2036 1200 2115 grammaticam
1224 2039 1397 2116 composuit.

230 2137 302 2197 Cum
331 2145 429 2196 antem
456 2133 538 2196 illum
566 2133 740 2197 Diocletiani
771 2136 969 2218 temporibus,
996 2134 1026 2194 id
1055 2141 1100 2194 est
1126 2132 1181 2193 sub
1206 2133 1294 2194 linem
1318 2137 1398 2196 tertii

230 2234 341 2296 saeculi
377 2242 471 2295 aetate
504 2233 641 2294 lloruisse
675 2237 736 2295 veri
769 2234 863 2295 simile
896 2237 948 2315 sit,
984 2251 1081 2312 neque
1114 2231 1268 2292 Diomedes
1302 2252 1398 2312 neque

192 2381 193 2384 η
230 2333 381 2395 Charisius
405 2339 472 2392 ante
497 2332 648 2393 saeculum
674 2341 812 2413 quartum
836 2334 933 2393 vivere
958 2337 1127 2410 potuerunt.

318 2431 377 2491 lant
406 2430 557 2492 Charisius
586 2431 681 2492 medio
710 2432 772 2491 lere
801 2430 917 2491 saeculo
942 2437 1046 2509 quarto
1072 2429 1159 2487 vitam
1182 2427 1298 2506 degisse
1327 2429 1398 2490 mihi

230 2531 354 2610 videtur,
370 2548 444 2609 quae
459 2531 606 2589 sententia
620 2529 830 2609 comprobatur
844 2531 953 2609 optima
968 2526 1015 2588 illa
1026 2519 1208 2608 Useneri⁴)
1219 2528 1398 2609 coniectura,

232 2631 283 2709 qni
297 2628 374 2708 apud
386 2627 595 2706 Hieronymum
607 2627 709 2689 chron.
719 2625 927 2690 2375=ann
941 2645 969 2706 p.
980 2625 1047 2686 Chr.
1058 2620 1131 2705 358,
1143 2623 1192 2684 nbi
1202 2624 1275 2685 haec
1286 2634 1399 2688 extant:

232 2724 415 2790 ‘Euanthius
434 2729 655 2787 eruditissimus
671 2732 942 2803 grammaticorum
960 2725 1217 2800 doasteutr'copoli
1234 2727 1312 2785 diem
1329 2727 1398 2805 obit,

231 2831 262 2888 in
291 2830 377 2887 cuius
405 2830 502 2888 locum
526 2843 565 2885 ex
588 2823 698 2900 Africo
726 2827 883 2887 Charisius
907 2816 1099 2898 adducitur',
1129 2817 1316 2883 ‘Charisius’
1341 2822 1398 2901 legi

232 2923 340 2985 debere
365 2940 478 2984 summa
500 2919 707 2999 probabilitate
730 2917 923 3006 contendit.⁶)

319 3019 434 3091 Quibus
462 3020 604 3096 expositis
627 3020 860 3101 Porphyrionem
889 3024 967 3082 inter
990 3037 1082 3080 annos
1105 3019 1168 3079 lere
1195 3016 1257 3080 160
1281 3029 1310 3081 et
1333 3017 1398 3083 358

231 3119 457 3182 commentarios
482 3119 636 3196 scripsisse
660 3118 745 3197 plane
769 3119 959 3198 intellegitur.
997 3116 1091 3177 Simul
1110 3116 1223 3176 Urbae
1244 3120 1398 3200 sententia,

231 3221 283 3300 qni
315 3223 576 3280 commentatorem
605 3216 656 3276 sini
684 3221 781 3297 quarti
810 3216 919 3278 saeculi
948 3215 993 3276 vel
1020 3217 1120 3295 potius
1149 3215 1283 3276 inferiori
1311 3219 1399 3277 aetati

231 3317 362 3378 tribuere
377 3314 447 3389 vult,
462 3315 572 3394 optime
588 3316 775 3376 convincitur
785 3325 815 3377 et
824 3315 1059 3378 luculentissime
1070 3313 1398 3393 apparetineertissima

230 3434 295 3475 esse
319 3413 367 3474 illa
390 3420 563 3490 argumenta
587 3430 622 3471 ex
642 3431 779 3475 sermone
799 3414 924 3475 ahcnins
943 3413 1099 3491 scriptoris
1118 3411 1273 3491 desumpta
1293 3411 1329 3471 ad
1350 3412 1397 3471 de-

230 3511 386 3573 finiendam
415 3513 479 3570 eins
508 3517 646 3590 aetatem,
673 3514 848 3590 praesertim
877 3513 902 3572 si
925 3510 1004 3571 illius
1028 3527 1118 3588 opera
1142 3526 1201 3568 non
1224 3510 1338 3588 integra
1363 3510 1398 3570 ad

231 3619 330 3671 nostra
354 3615 555 3687 pervenerunt
578 3615 719 3687 tempora.

319 3708 338 3784 ξ
362 3705 414 3767 44.
461 3704 518 3766 Sed
548 3706 672 3768 tortasse
705 3708 751 3768 vel
779 3708 1000 3787 angustioribus
1029 3707 1163 3766 terminis
1188 3705 1400 3787 Porphyrionis

231 3814 355 3868 aetatem
384 3802 630 3866 circumscribere
659 3824 831 3886 possumus,
858 3809 889 3868 in
919 3825 976 3886 qno
1006 3822 1059 3865 nos
1088 3803 1170 3865 valde
1198 3804 1314 3866 adiuvat
1342 3824 1399 3886 res,

232 3922 319 3986 quam
329 3902 407 3964 Urba
423 3921 545 3982 prorsus
560 3903 725 3982 neglexisse
741 3906 865 3985 videtur,
881 3923 948 3966 cum
963 3923 978 3964 a
994 3903 1156 3964 Charisio
1166 3902 1399 3983 Porphyrionem

229 4003 379 4065 laudatum
412 4001 531 4062 diceret.
583 3999 655 4062 Natn
684 4005 709 4062 sl
738 4001 896 4063 verborum
925 4003 1002 4082 apud
1032 4001 1197 4062 Charisium
1227 4010 1399 4063 contextum

318 4185 344 4252 1)
365 4181 405 4238 ef.
425 4179 497 4235 Keil.
516 4179 564 4240 Gr.
581 4182 612 4236 L.
631 4181 644 4242 I
662 4201 688 4252 p.
708 4187 784 4242 318.Δ

318 4267 345 4331 2)
366 4261 406 4316 (ll.
426 4259 532 4316 ibidem
550 4280 577 4331 p.
597 4266 657 4316 534.

318 4347 345 4412 3)
365 4342 405 4398 Ol.
424 4340 531 4397 ibidem
549 4359 576 4410 p.
597 4346 648 4397 317
669 4360 693 4398 r.
714 4348 756 4397 23.

320 4428 347 4493 4)
366 4422 407 4478 Ol.
426 4421 496 4476 Mus.
516 4422 604 4478 Rhen.
625 4429 667 4492 23,
686 4443 714 4493 p.
733 4428 794 4479 492.
1131 4469 1134 4476 .

319 4507 345 4574 5)
366 4502 518 4571 Schema,
541 4501 606 4560 hist.
626 4503 793 4572 titt.1t0m.‚
818 4501 974 4559 charisium
993 4519 1016 4558 e.
1035 4520 1060 4557 a.
1079 4507 1132 4557 360
1151 4503 1253 4560 vixisse
1273 4506 1396 4561 aduolet.
