3162 5238
627 378 868 442 -193—

161 560 321 636 praecipue
354 557 390 618 de
424 557 653 623 versibuseius
683 556 823 640 13-16,
851 559 960 638 quibus
988 560 1092 620 ollensi
1121 569 1191 620 sunt
1218 558 1338 619 Peerl-

162 654 338 734 kampius,
362 655 558 737 Gruppius,
578 655 791 737 Heinekins,
810 656 996 738 Lehrsius,
1015 656 1206 740 Hauptius,
1229 656 1338 736 quade·

163 771 251 813 causa
284 772 335 813 eos
368 753 510 814 delendos
542 755 795 815 existimaverunt.
842 754 1043 834 Gitlbauer,
1076 773 1244 835 quanquam
1279 773 1338 814 uon

163 853 261 911 minus
285 870 373 930 quam
396 850 439 911 illi
462 853 510 912 hic
534 851 703 933 offenditur,
727 860 825 913 tamen
845 871 896 912 eos
916 871 1021 912 versus
1040 871 1099 913 non
1119 851 1251 914 sublatos
1270 870 1337 912 esse

162 949 237 1022 vult,
266 949 316 1010 sed
341 950 449 1010 auxilio
478 949 596 1010 aliunde
619 951 712 1027 petito
735 969 800 1010 rern
824 953 935 1030 optime
959 952 1093 1029 expediri
1116 969 1203 1030 posse
1228 958 1336 1029 sperat.

141 1046 375 1126 ,Porphyrionis
398 1048 477 1107 euim
501 1051 714 1108 commentario
738 1047 869 1109 adhibito
894 1048 951 1108 sihi
974 1051 1123 1127 persuasit
1146 1066 1252 1108 versus
1270 1047 1337 1108 illos

161 1162 221 1204 non
239 1163 305 1205 esse
324 1145 484 1226 eiciendos,
508 1145 566 1226 sed·
580 1148 680 1224 potius
700 1149 796 1225 primo
814 1145 880 1206 loco
900 1148 992 1207 totius
1012 1147 1153 1206 carminis
1172 1146 1335 1225 ponendos,

160 1253 194 1302 ut
215 1242 266 1302 hic
289 1243 361 1303 ordo
386 1261 526 1303 versuum
550 1251 703 1304 nascatur:

654 1361 679 1401 v.
702 1339 841 1404 13-16.

654 1458 679 1500 v.
725 1435 819 1498 1-4.

654 1555 679 1596 v.
722 1532 818 1596 5-8.

654 1653 679 1694 v.
723 1629 841 1693 9-12,

652 1751 678 1791 v.
700 1727 839 1792 17--20,
939 1751 941 1756 ·

160 1829 218 1890 Sed
243 1848 278 1890 ex
303 1847 337 1889 eo
362 1832 583 1908 commentario,
611 1847 700 1909 quem
724 1847 777 1888 nos
797 1837 865 1888 aute
885 1826 988 1888 oculos
1007 1826 1159 1907 habemuS,
1181 1826 1238 1887 hoo
1257 1826 1336 1887 effici

158 1945 216 1986 nou
236 1935 362 2007 poterat,
381 1927 567 2005 quadeoausa
586 1926 624 2008 id,
645 1927 724 2006 quod
744 1925 845 1987 multis
864 1924 938 1985 locis
958 1927 1064 2004 evenit,
1083 1932 1116 1984 ut
1135 1924 1208 1984 ordo
1228 1923 1334 1984 scholi-

157 2043 244 2084 orum
268 2023 505 2105 perturbaretur,
529 2024 577 2085 hic
602 2042 720 2104 quoque
744 2026 854 2084 lactum
874 2021 1045 2102 arbitratus,
1069 2030 1102 2083 ut
1120 2021 1335 2102 Porphyrionis

156 2121 266 2182 anxilio
299 2123 476 2182 senteutiam
505 2139 588 2181 suam
617 2123 652 2183 de
682 2123 797 2183 Horatii
825 2124 955 2182 carmine
985 2120 1138 2202 probaret,
1171 2128 1257 2180 antea
1286 2120 1334 2180 illa

158 2219 269 2279 scholia
292 2220 328 2280 ad
348 2219 462 2280 Horatii
486 2239 510 2279 c.
530 2218 578 2281 16
602 2223 642 2281 ita
666 2223 859 2300 transposuit,
882 2229 917 2280 ut
935 2219 970 2280 ad
991 2219 1030 2298 id,
1054 2218 1133 2298 quod
1153 2216 1334 2299 intendebat,

156 2317 262 2377 idonea
289 2317 404 2377 fierent.
450 2316 607 2376 Videamus
635 2326 748 2397 autern,
781 2337 839 2396 quo
867 2321 933 2379 iure
962 2317 1042 2377 illam
1071 2320 1334 2379 commutationem

156 2417 330 2476 instituerit.

245 2512 266 2588 ξ
289 2508 340 2574 51.
385 2509 443 2582 Qui
470 2513 716 2572 commentarium
745 2513 781 2572 ad
809 2513 880 2574 illud
910 2532 1030 2574 carmen
1059 2515 1178 2592 saepius
1205 2532 1333 2574 comme·

156 2618 303 2670 moratum
337 2619 475 2671 accurate
509 2611 690 2691 considerat,
723 2629 761 2670 ne
794 2630 854 2672 uno
888 2614 1007 2692 quidem
1039 2611 1152 2672 scholio
1180 2611 1265 2672 facile
1293 2615 1333 2672 ita

156 2709 325 2789 olleuditur,
348 2715 381 2767 ut
404 2708 452 2768 hie
477 2709 633 2770 nonnullas
656 2709 817 2787 particulas
841 2709 905 2770 loco
930 2728 983 2770 suo
1003 2717 1099 2769 motas
1118 2727 1184 2769 esse
1204 2718 1333 2770 censeat.

156 2805 343 2866 Gitlbauer
366 2816 465 2866 antem
489 2824 607 2868 causam
631 2806 744 2886 habuit,
769 2825 823 2867 cur
842 2808 871 2867 id
892 2814 1033 2888 sumeret,
1057 2825 1130 2886 eam,
1150 2814 1184 2866 ut
1203 2807 1232 2866 id
1254 2806 1333 2885 quod

155 2903 212 2963 sihi
236 2912 433 2982 proposuerat
461 2903 602 2964 efficeret.
649 2902 731 2975 Quae
759 2907 851 2982 igitur
879 2913 949 2965 sunt
977 2907 1042 2964 eius
1065 2900 1266 2965 mutationes?
1292 2936 1329 2947 —

155 2998 287 3061 Primum
321 3001 441 3081 quidem
474 3001 608 3064 scholion
637 3002 716 3082 quod
745 3010 825 3062 extat
853 3002 889 3062 ad
918 3020 1038 3062 versum
1069 2999 1109 3063 13
1137 3003 1238 3080 posuit
1265 3009 1333 3080 post

155 3097 253 3176 verba,
283 3117 358 3177 quae
381 3098 545 3179 Porphyrio
575 3103 629 3161 toti
657 3100 746 3160 huius
770 3101 910 3161 carminis
935 3099 1124 3179 explicationi
1147 3100 1332 3179 praeposuit:

155 3191 336 3271 ‘Aprippum
351 3229 394 3238 -
409 3195 663 3281 contubernalis',
682 3217 715 3258 ea
731 3198 767 3258 de
782 3217 879 3280 causa,
901 3206 932 3258 ut
947 3198 1029 3278 dicit,
1044 3197 1183 3276 quiahoc
1198 3197 1332 3256 scholion

155 3310 248 3370 paene
273 3295 412 3370 congruit
435 3313 503 3354 cum
527 3293 625 3354 verbis
645 3297 703 3354 iam
722 3297 970 3376 commemoratis,
994 3314 1026 3355 re
1047 3302 1146 3354 autem
1166 3313 1243 3375 vera,
1263 3297 1332 3373 quia

130 3377 211 3450 'hoc
240 3389 305 3450 loco
329 3392 441 3468 optime
469 3380 632 3470 respondet
654 3391 696 3452 illi
720 3395 861 3453 carminis
884 3394 1009 3473 formae,
1039 3410 1126 3471 quam
1151 3391 1208 3452 sihi
1232 3401 1331 3452 mente

154 3488 287 3547 finxerat.
295 3481 320 3570 1)
348 3487 422 3548 Nam
437 3489 494 3549 hoc
509 3491 629 3550 minime
645 3493 708 3551 veri
722 3501 768 3551 est
782 3489 878 3551 simile
893 3489 1128 3569 Porphyrionem
1143 3487 1267 3550 eandem
1282 3509 1330 3550 ex-

154 3584 344 3663 plicationem
368 3585 422 3666 bis,
446 3586 532 3648 aliam
555 3596 624 3666 post
647 3587 742 3669 aliam,
766 3588 878 3650 eisdem
902 3589 964 3650 sere
990 3586 1087 3666 verbis
1109 3590 1254 3668 posuisse,
1279 3590 1330 3666 qui

154 3683 226 3742 ordo
251 3682 431 3743 scholiorum
456 3686 576 3746 tolerari
595 3704 653 3746 non
674 3695 780 3767 potest,
805 3689 863 3748 nisi
883 3706 975 3749 uuum
995 3705 1098 3748 eorum
1118 3686 1330 3765 interpolatum

153 3789 183 3839 et
203 3779 240 3840 ob
260 3781 289 3840 id
314 3781 482 3841 eiciendum
506 3802 672 3864 censemus,
697 3784 774 3863 quod
795 3793 830 3845 ut
848 3786 1000 3866 faciamus,
1024 3787 1096 3844 satis
1115 3783 1221 3843 idonea
1241 3801 1329 3844 eausa
1409 3823 1421 3848 .

154 3896 213 3937 nou
228 3886 317 3938 extat.
343 3877 452 3939 Contra
467 3881 600 3940 scholion
615 3880 687 3941 illud
703 3883 738 3942 ad
754 3901 872 3942 versum
888 3879 897 3908 ‘
905 3885 978 3956 Quis
991 3883 1126 3942 Martem
1140 3884 1245 3941 tunica
1261 3877 1328 3942 etc?

154 3994 213 4054 quo
233 3975 297 4036 loco
317 3995 398 4037 nunc
417 3977 534 4059 legitur,
555 3979 627 4039 nihil
646 3979 735 4040 babet
754 3979 934 4040 offensionis.
972 3978 1084 4039 Deinde
1101 3987 1136 4037 ut
1150 3981 1328 4040 sententiam

153 4092 237 4134 suam
261 4075 346 4135 nobis
371 4077 567 4157 commendet,
593 4077 649 4137 hoc
673 4079 767 4156 allert,
791 4085 922 4138 extrema
945 4075 1035 4136 verba
1058 4075 1138 4136 illius
1163 4076 1268 4136 scholii
1292 4077 1327 4138 ad

154 4171 267 4234 Horatii
295 4194 320 4236 v.
342 4172 382 4236 13
411 4169 477 4248 ‘quc'
502 4178 542 4235 sit
564 4175 724 4237 Homerico
751 4169 878 4253 spiritu'
907 4182 988 4236 certe
1017 4173 1172 4234 reserenda
1201 4192 1267 4234 esse
1291 4174 1328 4234 ad

154 4269 267 4331 Horatii
287 4271 389 4330 verba:
409 4266 560 4332 ‘Maeonii
577 4277 724 4334 carminis
742 4269 834 4346 ul'ti',
850 4289 924 4351 quae
939 4290 954 4331 a
969 4270 1172 4350 Porphyrione
1191 4270 1328 4331 similiter

243 4480 270 4544 1)
290 4477 330 4532 Of.
350 4476 510 4548 Gitlbauer,
529 4478 547 4533 l.
568 4497 591 4536 c.
611 4498 638 4550 p.
659 4484 718 4546 128,
735 4484 776 4534 18.

206 4575 413 4618 Commentationec
426 4579 540 4619 lonenses.
556 4579 584 4618 V.
1081 4571 1112 4619 13
