3162 5238
599 367 837 432 -179—

137 560 182 609 est
211 551 241 609 in
269 550 404 612 lemmate
433 549 549 632 scholii3
578 549 666 610 verba
694 558 793 612 autem
821 545 867 610 ‘id
893 557 936 612 est
963 545 1092 625 insecta’
1120 567 1178 609 non
1202 557 1302 609 extant

137 648 214 726 aptrd
238 649 384 710 Acrouem
408 650 441 710 A.
486 649 587 728 ltaque
611 648 775 728 Porphyrio
804 650 958 728 scripsisse
987 648 1117 708 videtur:
1144 642 1199 706 ‘Vr
1220 652 1302 721 lana,

138 747 247 821 taqua,
275 751 458 808 medicata
478 746 565 823 saco
589 765 751 822 numquam
774 741 841 806 eto’
888 745 999 806 Deinde
1023 745 1179 824 adscripsit
1203 745 1303 804 nescio

139 844 206 920 quis
234 844 269 903 ad
299 864 398 906 vocem
427 841 605 907 ‘medicata’
629 847 903 923 interpretationem
927 840 973 904 ‘ta
994 852 1037 904 est
1061 839 1199 922 infecta',
1228 862 1302 922 quae

138 943 169 999 in
197 946 441 1004 commentarium
469 946 591 1022 irrepsit
619 961 778 1022 nocentque
811 937 910 1019 ‘saca'
938 945 1034 1002 eiecit.
1079 943 1201 1021 Propria
1225 944 1302 1001 enim

138 1047 183 1098 est
220 1042 248 1100 ei
286 1042 387 1103 eadem
424 1042 531 1122 forma,
568 1060 642 1121 quae
679 1044 710 1101 in
747 1041 1023 1120 interpolationibus
1057 1043 1227 1121 saepissime
1260 1043 1302 1099 iu-

140 1139 269 1201 venitur:
293 1135 339 1202 ‘ta
360 1149 425 1205 est.
443 1197 445 1203 .
462 1137 481 1201 .'

227 1239 263 1300 ad
287 1258 312 1300 c.
335 1235 423 1320 1115,
443 1236 498 1301 39:
526 1235 555 1300 ‘o
582 1257 694 1314 manna
721 1240 875 1314 Oartleapo
899 1240 1056 1315 probrosis
1079 1241 1170 1299 attior
1194 1239 1304 1298 Italiae

139 1334 256 1418 rntnr's]
288 1342 333 1399 ste
364 1340 532 1400 uocabatur
564 1339 717 1412 Carthaao
747 1355 872 1417 mapna,
905 1355 995 1413 qaam
1023 1341 1068 1397 att
1095 1339 1244 1397 dedecore
1271 1343 1306 1395 et

138 1440 243 1498 donis
270 1440 375 1498 malis
399 1437 605 1498 Rornanorum
633 1439 770 1497 altiorem
795 1428 933 1511 saetam?
983 1435 1108 1496 Codices
1134 1433 1303 1513 praeterll

138 1553 193 1612 pro
221 1529 319 1596 ‘donis
346 1529 448 1595 matis’
449 1533 566 1612 ,quod
594 1540 675 1593 certe
699 1545 872 1612 corruptam
897 1543 954 1612 est,
982 1533 1125 1612 praebent
1148 1531 1303 1592 lectionem

137 1628 226 1694 ‘dot'trs
239 1628 341 1694 matts’
357 1632 434 1692 hand
449 1632 528 1693 felici
543 1632 756 1692 emendatione.
776 1625 1303 1714 11111111)*1111111111κ81-

137 1739 224 1792 mest
229 1734 298 1792 e'eis
335 1727 458 1792 mntts'
492 1730 583 1792 scribi
615 1732 702 1790 iussit
734 1739 764 1790 et
796 1731 841 1791 his
878 1730 975 1791 verbis
1008 1730 1079 1791 illud
1113 1728 1304 1790 Horatiauum

138 1825 287 1890 ‘Italiae
314 1824 424 1890 rar'ne's'
449 1829 590 1908 explicari
613 1829 738 1888 censuit.
789 1821 1102 1911 Petschenigius²)
1126 1828 1304 1888 emendavit:

138 1923 268 1988 ‘damnis
286 1922 452 2004 mapnts'‚
472 1947 530 2007 quo
550 1926 622 1988 illud
642 1921 768 1987 ‘retnis'
788 1927 993 2005 explicaretur.
1029 1918 1305 2002 Stowasserus³)

138 2025 243 2086 melius
258 2029 391 2104 scripsit:
407 2017 809 2108 ρ(11111111111111111111’8(11;
824 2019 925 2108 danis)
935 2021 1166 2100 Romanorum,
1182 2024 1304 2085 verbum

138 2119 251 2186 ‘malis'
276 2144 310 2186 ex
328 2128 598 2204 ‘interpretamento
622 2134 720 2184 ortum
743 2123 900 2183 delendum
920 2133 1010 2184 ratus.
1048 2122 1110 2202 Ego
1130 2133 1304 2183 autemnon

138 2223 225 2283 modo
254 2218 367 2284 ‘matis'
396 2223 567 2302 delendum,
600 2223 651 2283 sed
680 2225 768 2283 etiarn
799 2217 841 2282 ‘et
868 2218 1001 2284 damnts’
1030 2222 1196 2281 eiciendum
1224 2231 1304 2299 puto,

138 2324 262 2381 Acronis
281 2322 304 2381 A
325 2324 499 2383 arrctoritate
519 2324 615 2402 nixus
634 2323 686 2400 qni
704 2319 777 2380 haec
792 2317 892 2380 habet:
912 2315 1041 2395 ‘Manna
1055 2307 1133 2380 enirn
1152 2322 1305 2394 Cartbapo

139 2421 178 2478 ab
202 2422 315 2479 accolis
338 2421 524 2491 cacabatum
545 2423 601 2481 sed
622 2422 673 2480 laic
691 2412 790 2500 eam4)
806 2426 897 2495 poeta
917 2423 961 2480 at't
980 2423 1159 2480 dedecore
1177 2419 1305 2479 Roma-

138 2535 264 2578 norum
286 2521 431 2578 maiorem
451 2513 589 2594 saetam?
634 2516 700 2577 Non
724 2516 836 2596 dubito,
860 2519 931 2596 quin
950 2518 1026 2578 Acro
1046 2518 1069 2577 A
1094 2517 1149 2576 hoc
1173 2515 1305 2577 scholion

138 2634 174 2674 ex
193 2615 404 2695 Porphyrionis
428 2615 562 2695 exemplo
586 2617 746 2694 sumpserit
769 2615 936 2694 leniterque
959 2624 1074 2676 tautum
1098 2625 1131 2676 ut
1155 2616 1218 2674 eins
1242 2623 1305 2673 erat

138 2732 203 2774 mos
225 2717 396 2793 mutaverim
419 2714 527 2775 desunt
550 2724 648 2775 antem
672 2701 749 2793 apud
772 2716 918 2800 peronem
942 2732 976 2774 ea
1000 2713 1097 2794 verba,
1120 2733 1195 2794 quae
1214 2723 1303 2774 totam

138 2813 214 2873 hanc
238 2815 440 2893 quaestionem
464 2821 628 2874 moverunt.
665 2813 855 2883 Qtradecausa
877 2832 910 2872 ea
929 2812 1141 2892 Porphyrionis
1162 2832 1227 2874 esse
1246 2832 1304 2873 nou

138 2914 275 2972 existimo
303 2930 432 2990 eumque
460 2913 616 2991 scripsisse
645 2913 716 2972 mihi
744 2913 891 2990 persuasi:
923 2906 1024 2986 ‘qaam
1056 2916 1099 2972 ait
1127 2916 1307 2973 dedecore

138 3009 381 3070 Romanorum
404 3014 542 3072 altiorem
562 3004 700 3086 factam?
738 3009 848 3070 Deinde
873 3008 908 3069 ad
932 3027 1034 3069 vocem
1058 3003 1236 3072 ‘dedecore'
1258 3010 1305 3069 ad·

139 3110 249 3186 scripta
274 3117 319 3168 est
342 3111 548 3188 interpretatio
571 3103 601 3169 ‘t
627 3128 651 3170 e.
676 3111 763 3169 danis
785 3102 897 3183 malts’,
926 3126 1000 3186 quae
1023 3118 1125 3186 postea
1149 3107 1185 3168 ah
1209 3107 1306 3186 negle·
1396 3115 1398 3118 ’

138 3209 220 3284 gerni
243 3206 362 3267 homine
386 3209 415 3267 in
439 3209 683 3268 commentarium
707 3216 825 3285 recepta
849 3213 903 3266 est.

142 3331 147 3340 ·
227 3302 324 3381 §34
370 3305 405 3364 ad
429 3323 453 3365 c.
477 3304 517 3364 lll
540 3302 583 3367 24
601 3307 655 3364 in:
683 3298 824 3365 ‘Intactis
852 3307 1021 3381 opulentior
1049 3299 1219 3384 thesauris]
1246 3307 1306 3364 hac

138 3393 209 3488 ᾠδῇ
226 3407 414 3478 aeneraliter
428 3405 580 3464 inuehitur
595 3403 625 3463 't'n
640 3406 796 3464 lanariam
811 3420 947 3464 amnem
962 3405 1056 3462 omni
1060 3421 1079 3462 a
1089 3401 1305 3479 profanantem

138 3509 169 3561 et
196 3504 344 3575 aedificiis
367 3505 451 3562 noeis
474 3519 533 3563 nan
557 3509 672 3563 terram
695 3508 825 3576 tantam,
854 3519 957 3563 rernm
981 3505 1071 3562 etiam
1094 3505 1194 3562 marta
1218 3520 1306 3563 occa·

136 3594 279 3677 pantem.'
330 3601 456 3661 Acronis
483 3601 506 3660 A
535 3599 660 3661 scholio:
691 3595 898 3668 ‘Generaliter
924 3603 984 3661 lenc
1011 3602 1068 3661 ode
1095 3602 1247 3662 invehitur
1275 3605 1305 3661 tn

138 3701 295 3759 lanariam
314 3702 414 3759 omnia
429 3698 645 3776 profanantem
660 3705 689 3758 et
703 3701 852 3772 aedificiis
869 3703 953 3759 novis
972 3717 1031 3760 nan
1051 3707 1168 3760 terrarn
1182 3707 1306 3778 tantam,

138 3799 195 3857 sed
216 3800 306 3857 etiarn
328 3800 429 3858 maria
450 3791 664 3874 occupantem'
683 3796 814 3875 Meyeri
837 3799 992 3878 sententia,
1016 3799 1068 3875 qni
1091 3791 1233 3857 ‘ornnem'
1257 3797 1306 3856 de-

140 3893 260 3953 lendum
289 3901 371 3954 ratus
398 3897 484 3955 uncis
513 3894 646 3975 inclusit,
679 3893 901 3974 comprobatur,
934 3895 1059 3973 ideoque
1088 3893 1210 3973 Paulyi
1239 3912 1306 3954 con·

140 3993 280 4074 iacturae,
303 3994 356 4071 qui
379 3992 450 4053 illud
474 3988 615 4054 ‘ornnem’
639 4001 813 4073 corruptum
837 4011 902 4052 esse
927 3995 1043 4053 censuit
1066 4011 1101 4052 ex
1127 3987 1307 4054 ‘hominnm'

143 4089 186 4149 vel
210 4085 446 4152 ‘aomanorum'
470 4091 515 4152 vel
538 4085 695 4167 ‘omnino',
718 4090 885 4152 reiciendas
909 4101 986 4150 sunt.

231 4255 458 4324 81111111.

229 4335 347 4404 2.)Eph
366 4353 461 4404 gymn.
479 4333 572 4391 Austr.
538 4336 670 4403 11879,
689 4354 716 4405 p
736 4339 797 4392 804

230 4415 495 4484 18)18111111111
517 4421 714 4485 tseo‚p.1m.

230 4498 350 4566 4:)ean
369 4494 429 4552 cod.
448 4495 536 4552 Poris.
551 4499 662 4552 tenos.
