<?xml version="1.0" encoding="UTF-8"?>
<!DOCTYPE html PUBLIC "-//W3C//DTD XHTML 1.0 Transitional//EN"
    "http://www.w3.org/TR/xhtml1/DTD/xhtml1-transitional.dtd">
<html xmlns="http://www.w3.org/1999/xhtml" xml:lang="en" lang="en">
 <head>
  <title>
</title>
<meta http-equiv="Content-Type" content="text/html;charset=utf-8" />
  <meta name='ocr-system' content='tesseract 3.04.00' />
  <meta name='ocr-capabilities' content='ocr_page ocr_carea ocr_par ocr_line ocrx_word'/>
</head>
<body>
  <div class='ocr_page' id='page_1' title='image "./quaestionesporp00wessgoog_0007.png"; bbox 0 0 3162 5238; ppageno 0'>
   <div class='ocr_carea' id='block_1_1' title="bbox 731 369 964 435">
    <p class='ocr_par' dir='ltr' id='par_1_1' title="bbox 731 369 964 435">
     <span class='ocr_line' id='line_1_1' title="bbox 731 369 964 435; baseline -0.004 0"><span class='ocrx_word' id='word_1_1' title='bbox 731 369 964 435; x_wconf 82' lang='lat'>-156-</span> 
     </span>
    </p>
   </div>
   <div class='ocr_carea' id='block_1_2' title="bbox 262 551 1432 831">
    <p class='ocr_par' dir='ltr' id='par_1_2' title="bbox 262 551 1432 831">
     <span class='ocr_line' id='line_1_2' title="bbox 263 551 1431 632; baseline 0.001 -20"><span class='ocrx_word' id='word_1_2' title='bbox 263 551 413 613; x_wconf 88' lang='lat' dir='ltr'><strong>Romanus</strong></span> <span class='ocrx_word' id='word_1_3' title='bbox 440 551 539 632; x_wconf 90' lang='lat' dir='ltr'><strong>locum</strong></span> <span class='ocrx_word' id='word_1_4' title='bbox 565 552 668 613; x_wconf 85' lang='lat' dir='ltr'><strong>afferat</strong></span> <span class='ocrx_word' id='word_1_5' title='bbox 693 571 709 612; x_wconf 92' lang='lat' dir='ltr'><strong>e</strong></span> <span class='ocrx_word' id='word_1_6' title='bbox 732 553 946 632; x_wconf 81' lang='lat' dir='ltr'>Porphyrionis</span> <span class='ocrx_word' id='word_1_7' title='bbox 970 554 1190 613; x_wconf 92' lang='lat' dir='ltr'><strong>commentariis</strong></span> <span class='ocrx_word' id='word_1_8' title='bbox 1214 552 1431 632; x_wconf 88' lang='lat' dir='ltr'><strong>depromptum,</strong></span> 
     </span>
     <span class='ocr_line' id='line_1_3' title="bbox 262 650 1432 731; baseline 0 -21"><span class='ocrx_word' id='word_1_9' title='bbox 262 653 333 711; x_wconf 89' lang='lat' dir='ltr'><strong>satis</strong></span> <span class='ocrx_word' id='word_1_10' title='bbox 356 650 492 711; x_wconf 83' lang='lat' dir='ltr'><strong>idoneam</strong></span> <span class='ocrx_word' id='word_1_11' title='bbox 516 669 635 711; x_wconf 90' lang='lat' dir='ltr'><strong>causam</strong></span> <span class='ocrx_word' id='word_1_12' title='bbox 659 670 690 711; x_wconf 90' lang='lat' dir='ltr'><strong>se</strong></span> <span class='ocrx_word' id='word_1_13' title='bbox 710 670 768 711; x_wconf 93' lang='lat' dir='ltr'><strong>non</strong></span> <span class='ocrx_word' id='word_1_14' title='bbox 789 652 887 712; x_wconf 91' lang='lat' dir='ltr'><strong>videre</strong></span> <span class='ocrx_word' id='word_1_15' title='bbox 908 670 962 712; x_wconf 91' lang='lat' dir='ltr'><strong>cur</strong></span> <span class='ocrx_word' id='word_1_16' title='bbox 980 651 1193 731; x_wconf 81' lang='lat' dir='ltr'>Porphyrionis</span> <span class='ocrx_word' id='word_1_17' title='bbox 1212 658 1337 711; x_wconf 91' lang='lat' dir='ltr'><strong>aetatem</strong></span> <span class='ocrx_word' id='word_1_18' title='bbox 1356 651 1432 711; x_wconf 90' lang='lat' dir='ltr'><strong>inlra</strong></span> 
     </span>
     <span class='ocr_line' id='line_1_4' title="bbox 262 744 1431 831; baseline 0 -23"><span class='ocrx_word' id='word_1_19' title='bbox 262 751 342 809; x_wconf 87' lang='lat' dir='ltr'><strong>tertii</strong></span> <span class='ocrx_word' id='word_1_20' title='bbox 355 749 465 809; x_wconf 87' lang='lat' dir='ltr'><strong>saeculi</strong></span> <span class='ocrx_word' id='word_1_21' title='bbox 479 757 592 828; x_wconf 92' lang='lat' dir='ltr'><strong>partem</strong></span> <span class='ocrx_word' id='word_1_22' title='bbox 604 751 732 828; x_wconf 80' lang='lat' dir='ltr'><strong>priorem</strong></span> <span class='ocrx_word' id='word_1_23' title='bbox 744 744 957 810; x_wconf 65' lang='lat' dir='ltr'><strong>detrudamus?</strong></span> <span class='ocrx_word' id='word_1_24' title='bbox 981 749 1163 831; x_wconf 83' lang='lat' dir='ltr'><strong>Etheneres</strong></span> <span class='ocrx_word' id='word_1_25' title='bbox 1174 767 1205 809; x_wconf 92' lang='lat' dir='ltr'><strong>se</strong></span> <span class='ocrx_word' id='word_1_26' title='bbox 1216 748 1348 829; x_wconf 87' lang='lat' dir='ltr'><strong>haberet,</strong></span> <span class='ocrx_word' id='word_1_27' title='bbox 1359 749 1431 809; x_wconf 91' lang='lat' dir='ltr'><strong>side</strong></span> 
     </span>
    </p>
   </div>
   <div class='ocr_carea' id='block_1_3' title="bbox 261 845 1463 928">
    <p class='ocr_par' dir='ltr' id='par_1_3' title="bbox 261 845 1463 928">
     <span class='ocr_line' id='line_1_5' title="bbox 261 845 1463 928; baseline 0.001 -23"><span class='ocrx_word' id='word_1_28' title='bbox 261 846 363 906; x_wconf 87' lang='lat' dir='ltr'><strong>Marcii</strong></span> <span class='ocrx_word' id='word_1_29' title='bbox 387 845 531 907; x_wconf 82' lang='lat' dir='ltr'>Salutaris</span> <span class='ocrx_word' id='word_1_30' title='bbox 560 855 654 907; x_wconf 90' lang='lat' dir='ltr'><strong>aetate</strong></span> <span class='ocrx_word' id='word_1_31' title='bbox 682 849 761 907; x_wconf 91' lang='lat' dir='ltr'><strong>inter</strong></span> <span class='ocrx_word' id='word_1_32' title='bbox 790 849 868 908; x_wconf 92' lang='lat' dir='ltr'><strong>viros</strong></span> <span class='ocrx_word' id='word_1_33' title='bbox 898 849 1000 909; x_wconf 91' lang='lat' dir='ltr'><strong>doctos</strong></span> <span class='ocrx_word' id='word_1_34' title='bbox 1025 850 1096 908; x_wconf 89' lang='lat' dir='ltr'><strong>satis</strong></span> <span class='ocrx_word' id='word_1_35' title='bbox 1121 854 1285 928; x_wconf 89' lang='lat' dir='ltr'><strong>constaret;</strong></span> <span class='ocrx_word' id='word_1_36' title='bbox 1313 845 1393 907; x_wconf 91' lang='lat' dir='ltr'><strong>velut</strong></span> <span class='ocrx_word' id='word_1_37' title='bbox 1416 866 1432 906; x_wconf 94' lang='lat' dir='ltr'><strong>a</strong></span> <span class='ocrx_word' id='word_1_38' title='bbox 1459 915 1463 926; x_wconf 30' lang='lat'><strong><em>¹</em></strong></span> 
     </span>
    </p>
   </div>
   <div class='ocr_carea' id='block_1_4' title="bbox 257 939 1433 2794">
    <p class='ocr_par' dir='ltr' id='par_1_4' title="bbox 257 939 1433 2794">
     <span class='ocr_line' id='line_1_6' title="bbox 262 939 1431 1026; baseline 0 -22"><span class='ocrx_word' id='word_1_39' title='bbox 262 939 480 1025; x_wconf 81' lang='lat' dir='ltr'><strong>Schwabio¹)</strong></span> <span class='ocrx_word' id='word_1_40' title='bbox 491 944 539 1006; x_wconf 90' lang='lat' dir='ltr'><strong>ille</strong></span> <span class='ocrx_word' id='word_1_41' title='bbox 549 941 876 1024; x_wconf 73' lang='lat' dir='ltr'><strong>‘cirperfectissimccs&#39;,</strong></span> <span class='ocrx_word' id='word_1_42' title='bbox 889 956 922 1008; x_wconf 92' lang='lat' dir='ltr'><strong>ut</strong></span> <span class='ocrx_word' id='word_1_43' title='bbox 935 955 981 1008; x_wconf 91' lang='lat' dir='ltr'><strong>est</strong></span> <span class='ocrx_word' id='word_1_44' title='bbox 990 945 1066 1026; x_wconf 91' lang='lat' dir='ltr'><strong>apud</strong></span> <span class='ocrx_word' id='word_1_45' title='bbox 1079 945 1254 1024; x_wconf 87' lang='lat' dir='ltr'><strong>Charisium,</strong></span> <span class='ocrx_word' id='word_1_46' title='bbox 1266 945 1297 1004; x_wconf 94' lang='lat' dir='ltr'><strong>in</strong></span> <span class='ocrx_word' id='word_1_47' title='bbox 1307 963 1431 1005; x_wconf 89' lang='lat' dir='ltr'><strong>numero</strong></span> 
     </span>
     <span class='ocr_line' id='line_1_7' title="bbox 261 1043 1365 1125; baseline 0 -22"><span class='ocrx_word' id='word_1_48' title='bbox 261 1061 363 1104; x_wconf 92' lang='lat' dir='ltr'><strong>eorum</strong></span> <span class='ocrx_word' id='word_1_49' title='bbox 388 1043 530 1125; x_wconf 83' lang='lat' dir='ltr'><strong>refertur,</strong></span> <span class='ocrx_word' id='word_1_50' title='bbox 554 1047 659 1123; x_wconf 89' lang='lat' dir='ltr'><strong>quiin</strong></span> <span class='ocrx_word' id='word_1_51' title='bbox 682 1047 783 1123; x_wconf 90' lang='lat' dir='ltr'><strong>priore</strong></span> <span class='ocrx_word' id='word_1_52' title='bbox 806 1048 905 1124; x_wconf 87' lang='lat' dir='ltr'><strong>quarti</strong></span> <span class='ocrx_word' id='word_1_53' title='bbox 929 1044 1040 1106; x_wconf 90' lang='lat' dir='ltr'><strong>saeculi</strong></span> <span class='ocrx_word' id='word_1_54' title='bbox 1063 1051 1146 1123; x_wconf 89' lang='lat' dir='ltr'><strong>parte</strong></span> <span class='ocrx_word' id='word_1_55' title='bbox 1171 1044 1365 1121; x_wconf 89' lang='lat' dir='ltr'><strong>scripserunt.</strong></span> 
     </span>
     <span class='ocr_line' id='line_1_8' title="bbox 350 1140 1432 1225; baseline -0.001 -22"><span class='ocrx_word' id='word_1_56' title='bbox 350 1140 419 1218; x_wconf 66' lang='grc' dir='ltr'><strong>ἓὸ.</strong></span> <span class='ocrx_word' id='word_1_57' title='bbox 456 1140 493 1202; x_wconf 92' lang='lat' dir='ltr'><strong>Vt</strong></span> <span class='ocrx_word' id='word_1_58' title='bbox 520 1145 683 1203; x_wconf 91' lang='lat' dir='ltr'><strong>sententias</strong></span> <span class='ocrx_word' id='word_1_59' title='bbox 705 1161 823 1225; x_wconf 89' lang='lat' dir='ltr'><strong>eorum,</strong></span> <span class='ocrx_word' id='word_1_60' title='bbox 852 1147 902 1223; x_wconf 81' lang='lat' dir='ltr'><strong>qui</strong></span> <span class='ocrx_word' id='word_1_61' title='bbox 932 1144 1018 1205; x_wconf 92' lang='lat' dir='ltr'><strong>aliter</strong></span> <span class='ocrx_word' id='word_1_62' title='bbox 1046 1143 1082 1203; x_wconf 93' lang='lat' dir='ltr'><strong>de</strong></span> <span class='ocrx_word' id='word_1_63' title='bbox 1107 1141 1161 1202; x_wconf 92' lang='lat' dir='ltr'><strong>hac</strong></span> <span class='ocrx_word' id='word_1_64' title='bbox 1185 1160 1218 1201; x_wconf 92' lang='lat' dir='ltr'><strong>re</strong></span> <span class='ocrx_word' id='word_1_65' title='bbox 1242 1142 1432 1224; x_wconf 82' lang='lat' dir='ltr'><strong>arbitrantur,</strong></span> 
     </span>
     <span class='ocr_line' id='line_1_9' title="bbox 259 1235 1430 1323; baseline 0.001 -23"><span class='ocrx_word' id='word_1_66' title='bbox 259 1240 490 1323; x_wconf 89' lang='lat' dir='ltr'><strong>perlustrcmus,</strong></span> <span class='ocrx_word' id='word_1_67' title='bbox 523 1235 718 1323; x_wconf 76' lang='lat' dir='ltr'><strong>Meyerus²)</strong></span> <span class='ocrx_word' id='word_1_68' title='bbox 753 1241 826 1302; x_wconf 89' lang='lat' dir='ltr'>nihil</span> <span class='ocrx_word' id='word_1_69' title='bbox 852 1243 977 1322; x_wconf 93' lang='lat' dir='ltr'><strong>protulit</strong></span> <span class='ocrx_word' id='word_1_70' title='bbox 1005 1243 1064 1302; x_wconf 89' lang='lat' dir='ltr'><strong>nisi</strong></span> <span class='ocrx_word' id='word_1_71' title='bbox 1091 1239 1170 1320; x_wconf 87' lang='lat' dir='ltr'><strong>quod</strong></span> <span class='ocrx_word' id='word_1_72' title='bbox 1197 1239 1430 1320; x_wconf 75' lang='lat' dir='ltr'><strong>Porphyrionem</strong></span> 
     </span>
     <span class='ocr_line' id='line_1_10' title="bbox 261 1339 1431 1420; baseline -0.001 -21"><span class='ocrx_word' id='word_1_73' title='bbox 261 1347 328 1399; x_wconf 91' lang='lat' dir='ltr'><strong>ante</strong></span> <span class='ocrx_word' id='word_1_74' title='bbox 353 1339 441 1399; x_wconf 87' lang='lat' dir='ltr'><strong>finem</strong></span> <span class='ocrx_word' id='word_1_75' title='bbox 462 1339 572 1400; x_wconf 92' lang='lat' dir='ltr'><strong>saeculi</strong></span> <span class='ocrx_word' id='word_1_76' title='bbox 592 1342 690 1420; x_wconf 87' lang='lat' dir='ltr'><strong>quarti</strong></span> <span class='ocrx_word' id='word_1_77' title='bbox 708 1360 736 1419; x_wconf 94' lang='lat' dir='ltr'><strong>p.</strong></span> <span class='ocrx_word' id='word_1_78' title='bbox 756 1340 823 1401; x_wconf 88' lang='lat' dir='ltr'><strong>Chr.</strong></span> <span class='ocrx_word' id='word_1_79' title='bbox 843 1359 871 1400; x_wconf 95' lang='lat' dir='ltr'><strong>n.</strong></span> <span class='ocrx_word' id='word_1_80' title='bbox 891 1341 1120 1401; x_wconf 80' lang='lat' dir='ltr'><strong>commentarios</strong></span> <span class='ocrx_word' id='word_1_81' title='bbox 1139 1354 1209 1398; x_wconf 91' lang='lat' dir='ltr'><strong>suos</strong></span> <span class='ocrx_word' id='word_1_82' title='bbox 1228 1340 1431 1416; x_wconf 80' lang='lat' dir='ltr'><strong>composuisse</strong></span> 
     </span>
     <span class='ocr_line' id='line_1_11' title="bbox 260 1431 1430 1519; baseline 0 -22"><span class='ocrx_word' id='word_1_83' title='bbox 260 1438 413 1517; x_wconf 77' lang='lat' dir='ltr'><strong>professus</strong></span> <span class='ocrx_word' id='word_1_84' title='bbox 433 1446 486 1498; x_wconf 89' lang='lat' dir='ltr'><strong>est.</strong></span> <span class='ocrx_word' id='word_1_85' title='bbox 521 1431 721 1519; x_wconf 78' lang='lat' dir='ltr'><strong>Sittelins³)</strong></span> <span class='ocrx_word' id='word_1_86' title='bbox 741 1438 847 1498; x_wconf 92' lang='lat' dir='ltr'><strong>deinde</strong></span> <span class='ocrx_word' id='word_1_87' title='bbox 867 1439 939 1499; x_wconf 93' lang='lat' dir='ltr'><strong>haec</strong></span> <span class='ocrx_word' id='word_1_88' title='bbox 959 1439 1044 1498; x_wconf 87' lang='lat' dir='ltr'><strong>allert</strong></span> <span class='ocrx_word' id='word_1_89' title='bbox 1062 1437 1241 1496; x_wconf 80' lang='lat' dir='ltr'><strong>sententiam</strong></span> <span class='ocrx_word' id='word_1_90' title='bbox 1260 1453 1343 1496; x_wconf 92' lang='lat' dir='ltr'><strong>suam</strong></span> <span class='ocrx_word' id='word_1_91' title='bbox 1362 1456 1430 1497; x_wconf 95' lang='lat' dir='ltr'><strong>con-</strong></span> 
     </span>
     <span class='ocr_line' id='line_1_12' title="bbox 260 1531 1431 1612; baseline 0 -16"><span class='ocrx_word' id='word_1_92' title='bbox 260 1537 445 1598; x_wconf 85' lang='lat' dir='ltr'><strong>firmaturus:</strong></span> <span class='ocrx_word' id='word_1_93' title='bbox 483 1531 551 1597; x_wconf 77' lang='lat' dir='ltr'><strong>‘ch</strong></span> <span class='ocrx_word' id='word_1_94' title='bbox 587 1544 671 1598; x_wconf 84' lang='lat' dir='ltr'><strong>setze</strong></span> <span class='ocrx_word' id='word_1_95' title='bbox 708 1539 789 1598; x_wconf 81' lang='lat' dir='ltr'><strong>auch</strong></span> <span class='ocrx_word' id='word_1_96' title='bbox 826 1540 884 1598; x_wconf 81' lang='lat' dir='ltr'><strong>dere</strong></span> <span class='ocrx_word' id='word_1_97' title='bbox 924 1537 1212 1598; x_wconf 82' lang='lat' dir='ltr'><strong>Horozscholiosten</strong></span> <span class='ocrx_word' id='word_1_98' title='bbox 1250 1536 1431 1612; x_wconf 80' lang='lat' dir='ltr'><strong>Pomponius·</strong></span> 
     </span>
     <span class='ocr_line' id='line_1_13' title="bbox 260 1625 1431 1712; baseline -0.001 -17"><span class='ocrx_word' id='word_1_99' title='bbox 260 1638 432 1712; x_wconf 77' lang='lat' dir='ltr'><strong>Porphyrio</strong></span> <span class='ocrx_word' id='word_1_100' title='bbox 463 1639 494 1696; x_wconf 79' lang='lat' dir='ltr'><strong>ire</strong></span> <span class='ocrx_word' id='word_1_101' title='bbox 522 1625 604 1697; x_wconf 81' lang='lat' dir='ltr'><strong>diere</strong></span> <span class='ocrx_word' id='word_1_102' title='bbox 627 1637 770 1711; x_wconf 73' lang='lat' dir='ltr'><strong>Perinde,</strong></span> <span class='ocrx_word' id='word_1_103' title='bbox 803 1637 939 1710; x_wconf 73' lang='lat' dir='ltr'><strong>obpleich</strong></span> <span class='ocrx_word' id='word_1_104' title='bbox 969 1637 1021 1695; x_wconf 81' lang='lat' dir='ltr'><strong>ihr</strong></span> <span class='ocrx_word' id='word_1_105' title='bbox 1050 1635 1100 1694; x_wconf 85' lang='lat' dir='ltr'><strong>die</strong></span> <span class='ocrx_word' id='word_1_106' title='bbox 1128 1633 1431 1694; x_wconf 84' lang='lat' dir='ltr'><strong>Litterorhistorilcer</strong></span> 
     </span>
     <span class='ocr_line' id='line_1_14' title="bbox 257 1733 1430 1810; baseline -0.003 -15"><span class='ocrx_word' id='word_1_107' title='bbox 257 1737 448 1810; x_wconf 72' lang='lat' dir='ltr'><strong>pewdhrtlr’ch</strong></span> <span class='ocrx_word' id='word_1_108' title='bbox 470 1737 546 1808; x_wconf 54' lang='lat' dir='ltr'><strong>,dem</strong></span> <span class='ocrx_word' id='word_1_109' title='bbox 574 1737 704 1795; x_wconf 82' lang='lat' dir='ltr'><strong>zweitert</strong></span> <span class='ocrx_word' id='word_1_110' title='bbox 731 1737 806 1794; x_wconf 87' lang='lat' dir='ltr'><strong>oder</strong></span> <span class='ocrx_word' id='word_1_111' title='bbox 830 1736 942 1794; x_wconf 83' lang='lat' dir='ltr'><strong>dritten</strong></span> <span class='ocrx_word' id='word_1_112' title='bbox 964 1733 1195 1794; x_wconf 81' lang='lat' dir='ltr'><strong>Johrhunderte</strong></span> <span class='ocrx_word' id='word_1_113' title='bbox 1218 1734 1368 1803; x_wconf 82' lang='lat' dir='ltr'><strong>zuteilen;</strong></span> <span class='ocrx_word' id='word_1_114' title='bbox 1395 1751 1430 1793; x_wconf 89' lang='lat' dir='ltr'><strong>er</strong></span> 
     </span>
     <span class='ocr_line' id='line_1_15' title="bbox 258 1829 1431 1908; baseline -0.003 -15"><span class='ocrx_word' id='word_1_115' title='bbox 258 1834 393 1893; x_wconf 77' lang='lat' dir='ltr'><strong>schreibt</strong></span> <span class='ocrx_word' id='word_1_116' title='bbox 419 1833 551 1892; x_wconf 77' lang='lat' dir='ltr'><strong>admiich</strong></span> <span class='ocrx_word' id='word_1_117' title='bbox 576 1830 633 1908; x_wconf 81' lang='lat' dir='ltr'><strong>fiir</strong></span> <span class='ocrx_word' id='word_1_118' title='bbox 660 1835 748 1892; x_wconf 80' lang='lat' dir='ltr'><strong>eirea</strong></span> <span class='ocrx_word' id='word_1_119' title='bbox 775 1833 999 1892; x_wconf 81' lang='lat' dir='ltr'><strong>Grammatilcer</strong></span> <span class='ocrx_word' id='word_1_120' title='bbox 1022 1832 1093 1892; x_wconf 88' lang='lat' dir='ltr'><strong>sehr</strong></span> <span class='ocrx_word' id='word_1_121' title='bbox 1115 1831 1281 1890; x_wconf 85' lang='lat' dir='ltr'><strong>schlechtes</strong></span> <span class='ocrx_word' id='word_1_122' title='bbox 1304 1829 1431 1902; x_wconf 82' lang='lat' dir='ltr'><strong>Luteira;</strong></span> 
     </span>
     <span class='ocr_line' id='line_1_16' title="bbox 258 1929 1433 2004; baseline -0.002 -12"><span class='ocrx_word' id='word_1_123' title='bbox 258 1950 290 1992; x_wconf 89' lang='lat' dir='ltr'><strong>so</strong></span> <span class='ocrx_word' id='word_1_124' title='bbox 315 1937 428 1992; x_wconf 81' lang='lat' dir='ltr'><strong>ersetzt</strong></span> <span class='ocrx_word' id='word_1_125' title='bbox 452 1950 487 1991; x_wconf 92' lang='lat' dir='ltr'><strong>er</strong></span> <span class='ocrx_word' id='word_1_126' title='bbox 509 1933 567 1991; x_wconf 81' lang='lat' dir='ltr'><strong>den</strong></span> <span class='ocrx_word' id='word_1_127' title='bbox 587 1931 721 2004; x_wconf 74' lang='lat' dir='ltr'><strong>Infinitio</strong></span> <span class='ocrx_word' id='word_1_128' title='bbox 744 1934 798 1992; x_wconf 84' lang='lat' dir='ltr'><strong>mit</strong></span> <span class='ocrx_word' id='word_1_129' title='bbox 821 1933 887 1992; x_wconf 84' lang='lat' dir='ltr'><strong>dem</strong></span> <span class='ocrx_word' id='word_1_130' title='bbox 906 1931 1075 1992; x_wconf 79' lang='lat' dir='ltr'><strong>Alclcusotic</strong></span> <span class='ocrx_word' id='word_1_131' title='bbox 1097 1929 1204 2002; x_wconf 69' lang='lat' dir='ltr'><strong>hdufiq</strong></span> <span class='ocrx_word' id='word_1_132' title='bbox 1228 1929 1327 1988; x_wconf 84' lang='lat' dir='ltr'><strong>durch</strong></span> <span class='ocrx_word' id='word_1_133' title='bbox 1350 1931 1433 2004; x_wconf 81' lang='lat' dir='ltr'><strong>quod</strong></span> 
     </span>
     <span class='ocr_line' id='line_1_17' title="bbox 259 2025 1429 2102; baseline -0.003 -12"><span class='ocrx_word' id='word_1_134' title='bbox 259 2032 325 2090; x_wconf 80' lang='lat' dir='ltr'><strong>uad</strong></span> <span class='ocrx_word' id='word_1_135' title='bbox 346 2030 504 2089; x_wconf 82' lang='lat' dir='ltr'><strong>rerbiradet</strong></span> <span class='ocrx_word' id='word_1_136' title='bbox 527 2030 622 2088; x_wconf 81' lang='lat' dir='ltr'><strong>demit</strong></span> <span class='ocrx_word' id='word_1_137' title='bbox 645 2031 684 2089; x_wconf 82' lang='lat' dir='ltr'><strong>im</strong></span> <span class='ocrx_word' id='word_1_138' title='bbox 702 2030 918 2091; x_wconf 82' lang='lat' dir='ltr'><strong>Kommentore</strong></span> <span class='ocrx_word' id='word_1_139' title='bbox 938 2048 980 2090; x_wconf 81' lang='lat' dir='ltr'><strong>zu</strong></span> <span class='ocrx_word' id='word_1_140' title='bbox 1000 2031 1058 2089; x_wconf 80' lang='lat' dir='ltr'><strong>deri</strong></span> <span class='ocrx_word' id='word_1_141' title='bbox 1078 2025 1202 2087; x_wconf 82' lang='lat' dir='ltr'><strong>Sotireri</strong></span> <span class='ocrx_word' id='word_1_142' title='bbox 1221 2043 1315 2100; x_wconf 69' lang='lat' dir='ltr'><strong>sopor</strong></span> <span class='ocrx_word' id='word_1_143' title='bbox 1333 2031 1429 2102; x_wconf 69' lang='lat' dir='ltr'><strong>repel-</strong></span> 
     </span>
     <span class='ocr_line' id='line_1_18' title="bbox 259 2123 1430 2204; baseline -0.003 -16"><span class='ocrx_word' id='word_1_144' title='bbox 259 2123 370 2204; x_wconf 73' lang='lat' dir='ltr'><strong>mcifsip</strong></span> <span class='ocrx_word' id='word_1_145' title='bbox 394 2130 452 2188; x_wconf 84' lang='lat' dir='ltr'><strong>den</strong></span> <span class='ocrx_word' id='word_1_146' title='bbox 477 2127 640 2188; x_wconf 80' lang='lat' dir='ltr'><strong>Inclilcotic.</strong></span> <span class='ocrx_word' id='word_1_147' title='bbox 687 2127 751 2187; x_wconf 80' lang='lat' dir='ltr'><strong>Der</strong></span> <span class='ocrx_word' id='word_1_148' title='bbox 774 2137 855 2189; x_wconf 87' lang='lat' dir='ltr'><strong>erste</strong></span> <span class='ocrx_word' id='word_1_149' title='bbox 881 2127 1118 2202; x_wconf 82' lang='lat' dir='ltr'><strong>Grammatilcer,</strong></span> <span class='ocrx_word' id='word_1_150' title='bbox 1142 2126 1200 2184; x_wconf 83' lang='lat' dir='ltr'><strong>der</strong></span> <span class='ocrx_word' id='word_1_151' title='bbox 1221 2131 1305 2184; x_wconf 86' lang='lat' dir='ltr'><strong>sonst</strong></span> <span class='ocrx_word' id='word_1_152' title='bbox 1327 2126 1430 2185; x_wconf 82' lang='lat' dir='ltr'><strong>diesen</strong></span> 
     </span>
     <span class='ocr_line' id='line_1_19' title="bbox 259 2222 1428 2304; baseline -0.003 -17"><span class='ocrx_word' id='word_1_153' title='bbox 259 2224 478 2304; x_wconf 83' lang='lat' dir='ltr'><strong>Sprochsehler</strong></span> <span class='ocrx_word' id='word_1_154' title='bbox 501 2226 643 2298; x_wconf 70' lang='lat' dir='ltr'><strong>hduliper</strong></span> <span class='ocrx_word' id='word_1_155' title='bbox 666 2226 781 2302; x_wconf 65' lang='lat' dir='ltr'><strong>derebt,</strong></span> <span class='ocrx_word' id='word_1_156' title='bbox 806 2229 845 2286; x_wconf 88' lang='lat' dir='ltr'><strong>ist</strong></span> <span class='ocrx_word' id='word_1_157' title='bbox 866 2229 978 2288; x_wconf 77' lang='lat' dir='ltr'><strong>meires</strong></span> <span class='ocrx_word' id='word_1_158' title='bbox 1006 2227 1135 2286; x_wconf 77' lang='lat' dir='ltr'><strong>Wr&#39;sserrs</strong></span> <span class='ocrx_word' id='word_1_159' title='bbox 1160 2222 1346 2297; x_wconf 83' lang='lat' dir='ltr'><strong>Macrobius,</strong></span> <span class='ocrx_word' id='word_1_160' title='bbox 1368 2239 1428 2283; x_wconf 87' lang='lat' dir='ltr'><strong>wo·</strong></span> 
     </span>
     <span class='ocr_line' id='line_1_20' title="bbox 258 2319 1429 2400; baseline -0.004 -14"><span class='ocrx_word' id='word_1_161' title='bbox 258 2327 340 2386; x_wconf 84' lang='lat' dir='ltr'><strong>nach</strong></span> <span class='ocrx_word' id='word_1_162' title='bbox 365 2325 549 2400; x_wconf 77' lang='lat' dir='ltr'><strong>PorphyriO,</strong></span> <span class='ocrx_word' id='word_1_163' title='bbox 574 2324 615 2383; x_wconf 83' lang='lat' dir='ltr'><strong>clu</strong></span> <span class='ocrx_word' id='word_1_164' title='bbox 638 2341 673 2383; x_wconf 93' lang='lat' dir='ltr'><strong>er</strong></span> <span class='ocrx_word' id='word_1_165' title='bbox 697 2341 754 2384; x_wconf 81' lang='lat' dir='ltr'><strong>corr</strong></span> <span class='ocrx_word' id='word_1_166' title='bbox 782 2325 940 2386; x_wconf 78' lang='lat' dir='ltr'><strong>Charisius</strong></span> <span class='ocrx_word' id='word_1_167' title='bbox 964 2327 1067 2384; x_wconf 83' lang='lat' dir='ltr'><strong>citiert</strong></span> <span class='ocrx_word' id='word_1_168' title='bbox 1088 2323 1178 2394; x_wconf 81' lang='lat' dir='ltr'><strong>wird,</strong></span> <span class='ocrx_word' id='word_1_169' title='bbox 1199 2319 1375 2396; x_wconf 82' lang='lat' dir='ltr'><strong>frithesterts</strong></span> <span class='ocrx_word' id='word_1_170' title='bbox 1399 2324 1429 2381; x_wconf 85' lang='lat' dir='ltr'><strong>in</strong></span> 
     </span>
     <span class='ocr_line' id='line_1_21' title="bbox 259 2415 1429 2497; baseline -0.005 -13"><span class='ocrx_word' id='word_1_171' title='bbox 259 2426 308 2484; x_wconf 84' lang='lat' dir='ltr'><strong>die</strong></span> <span class='ocrx_word' id='word_1_172' title='bbox 328 2422 415 2482; x_wconf 85' lang='lat' dir='ltr'><strong>Mitte</strong></span> <span class='ocrx_word' id='word_1_173' title='bbox 438 2425 490 2482; x_wconf 84' lang='lat' dir='ltr'><strong>des</strong></span> <span class='ocrx_word' id='word_1_174' title='bbox 513 2424 628 2481; x_wconf 84' lang='lat' dir='ltr'><strong>riertert</strong></span> <span class='ocrx_word' id='word_1_175' title='bbox 647 2422 875 2484; x_wconf 81' lang='lat' dir='ltr'><strong>Jahrhuriderts</strong></span> <span class='ocrx_word' id='word_1_176' title='bbox 896 2415 1027 2497; x_wconf 66' lang='lat' dir='ltr'><strong>penori?</strong></span> <span class='ocrx_word' id='word_1_177' title='bbox 1067 2418 1124 2479; x_wconf 90' lang='lat' dir='ltr'><strong>Sed</strong></span> <span class='ocrx_word' id='word_1_178' title='bbox 1150 2417 1245 2497; x_wconf 89' lang='lat' dir='ltr'><strong>qualia</strong></span> <span class='ocrx_word' id='word_1_179' title='bbox 1268 2425 1338 2478; x_wconf 88' lang='lat' dir='ltr'><strong>sunt</strong></span> <span class='ocrx_word' id='word_1_180' title='bbox 1356 2417 1429 2478; x_wconf 91' lang='lat' dir='ltr'><strong>haec</strong></span> 
     </span>
     <span class='ocr_line' id='line_1_22' title="bbox 259 2511 1429 2601; baseline -0.006 -20"><span class='ocrx_word' id='word_1_181' title='bbox 259 2517 443 2600; x_wconf 83' lang='lat' dir='ltr'><strong>argumenta!</strong></span> <span class='ocrx_word' id='word_1_182' title='bbox 494 2518 560 2597; x_wconf 91' lang='lat' dir='ltr'><strong>lpse</strong></span> <span class='ocrx_word' id='word_1_183' title='bbox 594 2518 731 2579; x_wconf 89' lang='lat' dir='ltr'><strong>concedit</strong></span> <span class='ocrx_word' id='word_1_184' title='bbox 760 2519 929 2581; x_wconf 89' lang='lat' dir='ltr'><strong>Sittelius</strong></span> <span class='ocrx_word' id='word_1_185' title='bbox 962 2512 1004 2601; x_wconf 83' lang='lat' dir='ltr'><strong>(p.</strong></span> <span class='ocrx_word' id='word_1_186' title='bbox 1034 2511 1223 2596; x_wconf 83' lang='lat'>110-111)</span> <span class='ocrx_word' id='word_1_187' title='bbox 1253 2513 1333 2574; x_wconf 93' lang='lat' dir='ltr'><strong>illam</strong></span> <span class='ocrx_word' id='word_1_188' title='bbox 1362 2534 1429 2575; x_wconf 93' lang='lat' dir='ltr'><strong>con-</strong></span> 
     </span>
     <span class='ocr_line' id='line_1_23' title="bbox 259 2615 1429 2696; baseline -0.005 -17"><span class='ocrx_word' id='word_1_189' title='bbox 259 2621 452 2679; x_wconf 88' lang='lat' dir='ltr'><strong>structionem</strong></span> <span class='ocrx_word' id='word_1_190' title='bbox 473 2619 530 2677; x_wconf 95' lang='lat' dir='ltr'><strong>iam</strong></span> <span class='ocrx_word' id='word_1_191' title='bbox 550 2617 626 2696; x_wconf 92' lang='lat' dir='ltr'><strong>apud</strong></span> <span class='ocrx_word' id='word_1_192' title='bbox 647 2615 862 2680; x_wconf 81' lang='lat' dir='ltr'><strong>Tertullianum</strong></span> <span class='ocrx_word' id='word_1_193' title='bbox 882 2624 911 2678; x_wconf 93' lang='lat' dir='ltr'><strong>et</strong></span> <span class='ocrx_word' id='word_1_194' title='bbox 930 2616 1108 2696; x_wconf 79' lang='lat' dir='ltr'><strong>Cyprianum</strong></span> <span class='ocrx_word' id='word_1_195' title='bbox 1128 2615 1180 2693; x_wconf 87' lang='lat' dir='ltr'><strong>qui</strong></span> <span class='ocrx_word' id='word_1_196' title='bbox 1199 2616 1321 2682; x_wconf 88' lang='lat' dir='ltr'><strong>ineunte</strong></span> <span class='ocrx_word' id='word_1_197' title='bbox 1341 2616 1429 2674; x_wconf 92' lang='lat' dir='ltr'><strong>tertio</strong></span> 
     </span>
     <span class='ocr_line' id='line_1_24' title="bbox 260 2710 1429 2794; baseline -0.006 -16"><span class='ocrx_word' id='word_1_198' title='bbox 260 2716 377 2778; x_wconf 90' lang='lat' dir='ltr'><strong>saeculo</strong></span> <span class='ocrx_word' id='word_1_199' title='bbox 410 2718 547 2776; x_wconf 80' lang='lat' dir='ltr'><strong>vixerunt</strong></span> <span class='ocrx_word' id='word_1_200' title='bbox 578 2714 644 2794; x_wconf 79' lang='lat' dir='ltr'><strong>legi.</strong></span> <span class='ocrx_word' id='word_1_201' title='bbox 695 2713 795 2787; x_wconf 82' lang='lat' dir='ltr'><strong>Quid?</strong></span> <span class='ocrx_word' id='word_1_202' title='bbox 831 2719 856 2778; x_wconf 90' lang='lat' dir='ltr'><strong>si</strong></span> <span class='ocrx_word' id='word_1_203' title='bbox 888 2734 948 2776; x_wconf 94' lang='lat' dir='ltr'><strong>nou</strong></span> <span class='ocrx_word' id='word_1_204' title='bbox 980 2711 1149 2774; x_wconf 86' lang='lat' dir='ltr'><strong>Macrobius</strong></span> <span class='ocrx_word' id='word_1_205' title='bbox 1182 2711 1234 2771; x_wconf 93' lang='lat' dir='ltr'><strong>sed</strong></span> <span class='ocrx_word' id='word_1_206' title='bbox 1265 2710 1429 2791; x_wconf 82' lang='lat' dir='ltr'><strong>Porphyrio</strong></span> 
     </span>
    </p>
   </div>
   <div class='ocr_carea' id='block_1_5' title="bbox 258 2811 1477 2896">
    <p class='ocr_par' dir='ltr' id='par_1_5' title="bbox 258 2811 1477 2896">
     <span class='ocr_line' id='line_1_25' title="bbox 258 2811 1477 2896; baseline -0.007 -19"><span class='ocrx_word' id='word_1_207' title='bbox 258 2819 373 2896; x_wconf 90' lang='lat' dir='ltr'><strong>primus</strong></span> <span class='ocrx_word' id='word_1_208' title='bbox 396 2815 606 2893; x_wconf 84' lang='lat' dir='ltr'><strong>grammaticus</strong></span> <span class='ocrx_word' id='word_1_209' title='bbox 629 2814 698 2894; x_wconf 89' lang='lat' dir='ltr'><strong>luit,</strong></span> <span class='ocrx_word' id='word_1_210' title='bbox 722 2817 774 2894; x_wconf 92' lang='lat' dir='ltr'><strong>qui</strong></span> <span class='ocrx_word' id='word_1_211' title='bbox 796 2814 851 2874; x_wconf 93' lang='lat' dir='ltr'><strong>hac</strong></span> <span class='ocrx_word' id='word_1_212' title='bbox 874 2815 905 2874; x_wconf 89' lang='lat' dir='ltr'><strong>in</strong></span> <span class='ocrx_word' id='word_1_213' title='bbox 929 2831 961 2872; x_wconf 93' lang='lat' dir='ltr'><strong>re</strong></span> <span class='ocrx_word' id='word_1_214' title='bbox 986 2811 1021 2872; x_wconf 93' lang='lat' dir='ltr'><strong>ab</strong></span> <span class='ocrx_word' id='word_1_215' title='bbox 1045 2811 1225 2889; x_wconf 87' lang='lat' dir='ltr'><strong>optimorum</strong></span> <span class='ocrx_word' id='word_1_216' title='bbox 1250 2811 1429 2888; x_wconf 87' lang='lat' dir='ltr'><strong>scriptorum</strong></span> <span class='ocrx_word' id='word_1_217' title='bbox 1475 2833 1477 2836; x_wconf 94' lang='lat'>·</span> 
     </span>
    </p>
   </div>
   <div class='ocr_carea' id='block_1_6' title="bbox 257 2906 1430 4172">
    <p class='ocr_par' dir='ltr' id='par_1_6' title="bbox 258 2906 1429 3288">
     <span class='ocr_line' id='line_1_26' title="bbox 259 2906 1429 2986; baseline -0.005 -12"><span class='ocrx_word' id='word_1_218' title='bbox 259 2917 405 2976; x_wconf 91' lang='lat' dir='ltr'><strong>sermonis</strong></span> <span class='ocrx_word' id='word_1_219' title='bbox 433 2912 649 2978; x_wconf 90' lang='lat' dir='ltr'><strong>consuetudine</strong></span> <span class='ocrx_word' id='word_1_220' title='bbox 675 2909 834 2974; x_wconf 75' lang='lat' dir='ltr'><strong>discessit?</strong></span> <span class='ocrx_word' id='word_1_221' title='bbox 878 2911 981 2972; x_wconf 92' lang='lat' dir='ltr'><strong>Nonne</strong></span> <span class='ocrx_word' id='word_1_222' title='bbox 1006 2928 1041 2969; x_wconf 85' lang='lat' dir='ltr'><strong>ex</strong></span> <span class='ocrx_word' id='word_1_223' title='bbox 1065 2926 1100 2967; x_wconf 95' lang='lat' dir='ltr'><strong>eo</strong></span> <span class='ocrx_word' id='word_1_224' title='bbox 1124 2906 1203 2986; x_wconf 87' lang='lat' dir='ltr'><strong>quod</strong></span> <span class='ocrx_word' id='word_1_225' title='bbox 1227 2906 1429 2968; x_wconf 88' lang='lat' dir='ltr'><strong>Tertullianus</strong></span> 
     </span>
     <span class='ocr_line' id='line_1_27' title="bbox 258 3006 1429 3092; baseline -0.007 -18"><span class='ocrx_word' id='word_1_226' title='bbox 258 3023 288 3073; x_wconf 91' lang='lat' dir='ltr'><strong>et</strong></span> <span class='ocrx_word' id='word_1_227' title='bbox 312 3013 488 3092; x_wconf 81' lang='lat' dir='ltr'><strong>Cyprianus,</strong></span> <span class='ocrx_word' id='word_1_228' title='bbox 516 3011 568 3088; x_wconf 87' lang='lat' dir='ltr'><strong>qui</strong></span> <span class='ocrx_word' id='word_1_229' title='bbox 595 3012 627 3070; x_wconf 94' lang='lat' dir='ltr'><strong>in</strong></span> <span class='ocrx_word' id='word_1_230' title='bbox 650 3011 748 3070; x_wconf 81' lang='lat' dir='ltr'><strong>Africa</strong></span> <span class='ocrx_word' id='word_1_231' title='bbox 775 3014 897 3072; x_wconf 91' lang='lat' dir='ltr'><strong>ineunte</strong></span> <span class='ocrx_word' id='word_1_232' title='bbox 926 3006 1045 3070; x_wconf 91' lang='lat' dir='ltr'><strong>saeculo</strong></span> <span class='ocrx_word' id='word_1_233' title='bbox 1068 3006 1158 3066; x_wconf 91' lang='lat' dir='ltr'><strong>tertio</strong></span> <span class='ocrx_word' id='word_1_234' title='bbox 1182 3007 1332 3084; x_wconf 83' lang='lat' dir='ltr'><strong>vixerunt,</strong></span> <span class='ocrx_word' id='word_1_235' title='bbox 1361 3024 1429 3066; x_wconf 92' lang='lat' dir='ltr'><strong>con-</strong></span> 
     </span>
     <span class='ocr_line' id='line_1_28' title="bbox 258 3101 1429 3191; baseline -0.006 -19"><span class='ocrx_word' id='word_1_236' title='bbox 258 3110 379 3172; x_wconf 90' lang='lat' dir='ltr'><strong>cludere</strong></span> <span class='ocrx_word' id='word_1_237' title='bbox 401 3127 557 3189; x_wconf 91' lang='lat' dir='ltr'><strong>possemus</strong></span> <span class='ocrx_word' id='word_1_238' title='bbox 581 3107 828 3191; x_wconf 79' lang='lat' dir='ltr'><strong>Porphyrionem,</strong></span> <span class='ocrx_word' id='word_1_239' title='bbox 852 3126 939 3188; x_wconf 89' lang='lat' dir='ltr'><strong>quem</strong></span> <span class='ocrx_word' id='word_1_240' title='bbox 963 3105 1042 3166; x_wconf 91' lang='lat' dir='ltr'><strong>idem</strong></span> <span class='ocrx_word' id='word_1_241' title='bbox 1066 3101 1236 3162; x_wconf 91' lang='lat' dir='ltr'><strong>Sittelius</strong></span> <span class='ocrx_word' id='word_1_242' title='bbox 1259 3103 1429 3165; x_wconf 82' lang='lat' dir='ltr'><strong>Africanum</strong></span> 
     </span>
     <span class='ocr_line' id='line_1_29' title="bbox 259 3199 1073 3288; baseline -0.01 -17"><span class='ocrx_word' id='word_1_243' title='bbox 259 3212 350 3271; x_wconf 88' lang='lat' dir='ltr'><strong>luisse</strong></span> <span class='ocrx_word' id='word_1_244' title='bbox 375 3207 539 3288; x_wconf 88' lang='lat' dir='ltr'><strong>contendit,</strong></span> <span class='ocrx_word' id='word_1_245' title='bbox 563 3207 667 3269; x_wconf 91' lang='lat' dir='ltr'><strong>eodem</strong></span> <span class='ocrx_word' id='word_1_246' title='bbox 690 3216 824 3287; x_wconf 92' lang='lat' dir='ltr'><strong>tempore</strong></span> <span class='ocrx_word' id='word_1_247' title='bbox 848 3199 1007 3268; x_wconf 76' lang='lat' dir='ltr'><strong>floruisse?</strong></span> <span class='ocrx_word' id='word_1_248' title='bbox 1032 3235 1073 3246; x_wconf 93' lang='lat'>-</span> 
     </span>
    </p>

    <p class='ocr_par' dir='ltr' id='par_1_7' title="bbox 258 3298 1430 3872">
     <span class='ocr_line' id='line_1_30' title="bbox 347 3298 1429 3389; baseline -0.007 -21"><span class='ocrx_word' id='word_1_249' title='bbox 347 3305 414 3384; x_wconf 64' lang='lat'><strong>54.</strong></span> <span class='ocrx_word' id='word_1_250' title='bbox 456 3304 559 3366; x_wconf 88' lang='lat' dir='ltr'><strong>Restat</strong></span> <span class='ocrx_word' id='word_1_251' title='bbox 585 3313 620 3366; x_wconf 91' lang='lat' dir='ltr'><strong>ut</strong></span> <span class='ocrx_word' id='word_1_252' title='bbox 647 3306 684 3366; x_wconf 91' lang='lat' dir='ltr'><strong>de</strong></span> <span class='ocrx_word' id='word_1_253' title='bbox 715 3298 861 3389; x_wconf 72' lang='lat' dir='ltr'><strong>Urbae4)</strong></span> <span class='ocrx_word' id='word_1_254' title='bbox 889 3305 1036 3366; x_wconf 91' lang='lat' dir='ltr'><strong>sententia</strong></span> <span class='ocrx_word' id='word_1_255' title='bbox 1064 3301 1254 3361; x_wconf 85' lang='lat' dir='ltr'><strong>disseramus.</strong></span> <span class='ocrx_word' id='word_1_256' title='bbox 1300 3299 1357 3370; x_wconf 85' lang='lat' dir='ltr'><strong>Qui</strong></span> <span class='ocrx_word' id='word_1_257' title='bbox 1385 3303 1429 3361; x_wconf 86' lang='lat' dir='ltr'><strong>vir</strong></span> 
     </span>
     <span class='ocr_line' id='line_1_31' title="bbox 259 3397 1428 3484; baseline -0.005 -18"><span class='ocrx_word' id='word_1_258' title='bbox 259 3407 363 3466; x_wconf 91' lang='lat' dir='ltr'><strong>doctus</strong></span> <span class='ocrx_word' id='word_1_259' title='bbox 386 3411 542 3484; x_wconf 91' lang='lat' dir='ltr'><strong>postquam</strong></span> <span class='ocrx_word' id='word_1_260' title='bbox 562 3403 772 3484; x_wconf 80' lang='lat' dir='ltr'><strong>Porphyrionis</strong></span> <span class='ocrx_word' id='word_1_261' title='bbox 796 3407 993 3484; x_wconf 91' lang='lat' dir='ltr'><strong>proprietates</strong></span> <span class='ocrx_word' id='word_1_262' title='bbox 1017 3401 1163 3461; x_wconf 87' lang='lat' dir='ltr'><strong>sermonis</strong></span> <span class='ocrx_word' id='word_1_263' title='bbox 1187 3397 1344 3477; x_wconf 83' lang='lat' dir='ltr'><strong>diligenter</strong></span> <span class='ocrx_word' id='word_1_264' title='bbox 1363 3419 1428 3479; x_wconf 93' lang='lat' dir='ltr'><strong>per·</strong></span> 
     </span>
     <span class='ocr_line' id='line_1_32' title="bbox 258 3497 1428 3581; baseline -0.004 -17"><span class='ocrx_word' id='word_1_265' title='bbox 258 3510 408 3564; x_wconf 89' lang='lat' dir='ltr'><strong>scrutatus</strong></span> <span class='ocrx_word' id='word_1_266' title='bbox 437 3511 482 3561; x_wconf 92' lang='lat' dir='ltr'><strong>est</strong></span> <span class='ocrx_word' id='word_1_267' title='bbox 503 3500 736 3581; x_wconf 77' lang='lat' dir='ltr'><strong>Porphyrionem</strong></span> <span class='ocrx_word' id='word_1_268' title='bbox 766 3521 825 3562; x_wconf 92' lang='lat' dir='ltr'><strong>non</strong></span> <span class='ocrx_word' id='word_1_269' title='bbox 852 3513 921 3562; x_wconf 91' lang='lat' dir='ltr'><strong>ante</strong></span> <span class='ocrx_word' id='word_1_270' title='bbox 949 3498 1060 3562; x_wconf 92' lang='lat' dir='ltr'><strong>saeculi</strong></span> <span class='ocrx_word' id='word_1_271' title='bbox 1087 3498 1187 3578; x_wconf 90' lang='lat' dir='ltr'><strong>quarti</strong></span> <span class='ocrx_word' id='word_1_272' title='bbox 1209 3497 1298 3557; x_wconf 92' lang='lat' dir='ltr'><strong>llnem</strong></span> <span class='ocrx_word' id='word_1_273' title='bbox 1323 3499 1428 3559; x_wconf 82' lang='lat' dir='ltr'><strong>vixisse</strong></span> 
     </span>
     <span class='ocr_line' id='line_1_33' title="bbox 258 3593 1428 3673; baseline -0.004 -11"><span class='ocrx_word' id='word_1_274' title='bbox 258 3599 417 3662; x_wconf 90' lang='lat' dir='ltr'><strong>concludit.</strong></span> <span class='ocrx_word' id='word_1_275' title='bbox 464 3593 561 3670; x_wconf 76' lang='lat' dir='ltr'><strong>‘Quid</strong></span> <span class='ocrx_word' id='word_1_276' title='bbox 588 3601 671 3672; x_wconf 83' lang='lat' dir='ltr'><strong>quod</strong></span> <span class='ocrx_word' id='word_1_277' title='bbox 696 3602 787 3659; x_wconf 82' lang='lat' dir='ltr'><strong>etium</strong></span> <span class='ocrx_word' id='word_1_278' title='bbox 816 3603 912 3661; x_wconf 82' lang='lat' dir='ltr'><strong>aetati</strong></span> <span class='ocrx_word' id='word_1_279' title='bbox 938 3603 986 3659; x_wconf 84' lang='lat' dir='ltr'><strong>rel</strong></span> <span class='ocrx_word' id='word_1_280' title='bbox 1011 3595 1156 3673; x_wconf 81' lang='lat' dir='ltr'><strong>inferiori</strong></span> <span class='ocrx_word' id='word_1_281' title='bbox 1178 3613 1334 3673; x_wconf 82' lang='lat' dir='ltr'><strong>possemus</strong></span> <span class='ocrx_word' id='word_1_282' title='bbox 1362 3616 1428 3657; x_wconf 86' lang='lat' dir='ltr'><strong>eum</strong></span> 
     </span>
     <span class='ocr_line' id='line_1_34' title="bbox 259 3695 1430 3774; baseline -0.005 -14"><span class='ocrx_word' id='word_1_283' title='bbox 259 3700 445 3773; x_wconf 82' lang='lat' dir='ltr'><strong>adscribere,</strong></span> <span class='ocrx_word' id='word_1_284' title='bbox 465 3699 526 3757; x_wconf 83' lang='lat' dir='ltr'><strong>uisi</strong></span> <span class='ocrx_word' id='word_1_285' title='bbox 542 3699 607 3758; x_wconf 86' lang='lat' dir='ltr'><strong>loco</strong></span> <span class='ocrx_word' id='word_1_286' title='bbox 626 3699 676 3758; x_wconf 87' lang='lat' dir='ltr'><strong>ilio</strong></span> <span class='ocrx_word' id='word_1_287' title='bbox 695 3715 735 3757; x_wconf 81' lang='lat' dir='ltr'><strong>erc</strong></span> <span class='ocrx_word' id='word_1_288' title='bbox 752 3698 891 3759; x_wconf 76' lang='lat' dir='ltr'><strong>Charisia</strong></span> <span class='ocrx_word' id='word_1_289' title='bbox 907 3700 1081 3774; x_wconf 82' lang='lat' dir='ltr'><strong>deprompto</strong></span> <span class='ocrx_word' id='word_1_290' title='bbox 1097 3701 1211 3771; x_wconf 83' lang='lat' dir='ltr'><strong>tempus</strong></span> <span class='ocrx_word' id='word_1_291' title='bbox 1226 3695 1430 3770; x_wconf 82' lang='lat' dir='ltr'><strong>indicaretur,</strong></span> 
     </span>
     <span class='ocr_line' id='line_1_35' title="bbox 258 3790 813 3872; baseline -0.009 -14"><span class='ocrx_word' id='word_1_292' title='bbox 258 3802 342 3858; x_wconf 84' lang='lat' dir='ltr'><strong>ultre</strong></span> <span class='ocrx_word' id='word_1_293' title='bbox 365 3799 448 3872; x_wconf 83' lang='lat' dir='ltr'><strong>quod</strong></span> <span class='ocrx_word' id='word_1_294' title='bbox 470 3812 530 3855; x_wconf 80' lang='lat' dir='ltr'><strong>riori</strong></span> <span class='ocrx_word' id='word_1_295' title='bbox 553 3797 624 3855; x_wconf 88' lang='lat' dir='ltr'><strong>licet</strong></span> <span class='ocrx_word' id='word_1_296' title='bbox 643 3790 813 3872; x_wconf 67' lang='lat' dir='ltr'><strong>propredr&#39;?</strong></span> 
     </span>
    </p>

    <p class='ocr_par' dir='ltr' id='par_1_8' title="bbox 257 3891 1429 4172">
     <span class='ocr_line' id='line_1_36' title="bbox 348 3891 1429 3972; baseline -0.001 -19"><span class='ocrx_word' id='word_1_297' title='bbox 348 3893 404 3953; x_wconf 90' lang='lat' dir='ltr'><strong>Sed</strong></span> <span class='ocrx_word' id='word_1_298' title='bbox 435 3911 470 3952; x_wconf 82' lang='lat' dir='ltr'><strong>ex</strong></span> <span class='ocrx_word' id='word_1_299' title='bbox 496 3893 590 3971; x_wconf 90' lang='lat' dir='ltr'><strong>ipsius</strong></span> <span class='ocrx_word' id='word_1_300' title='bbox 613 3891 709 3954; x_wconf 93' lang='lat' dir='ltr'><strong>Urbae</strong></span> <span class='ocrx_word' id='word_1_301' title='bbox 733 3893 831 3954; x_wconf 90' lang='lat' dir='ltr'><strong>verbis</strong></span> <span class='ocrx_word' id='word_1_302' title='bbox 855 3895 927 3955; x_wconf 90' lang='lat' dir='ltr'><strong>satis</strong></span> <span class='ocrx_word' id='word_1_303' title='bbox 951 3900 1086 3972; x_wconf 89' lang='lat' dir='ltr'><strong>apparet,</strong></span> <span class='ocrx_word' id='word_1_304' title='bbox 1114 3907 1202 3969; x_wconf 87' lang='lat' dir='ltr'><strong>quam</strong></span> <span class='ocrx_word' id='word_1_305' title='bbox 1225 3892 1339 3950; x_wconf 90' lang='lat' dir='ltr'><strong>incerta</strong></span> <span class='ocrx_word' id='word_1_306' title='bbox 1364 3892 1429 3952; x_wconf 89' lang='lat' dir='ltr'><strong>talis</strong></span> 
     </span>
     <span class='ocr_line' id='line_1_37' title="bbox 258 3988 1429 4072; baseline -0.003 -19"><span class='ocrx_word' id='word_1_307' title='bbox 258 3993 473 4072; x_wconf 84' lang='lat' dir='ltr'><strong>argumentatio</strong></span> <span class='ocrx_word' id='word_1_308' title='bbox 506 3992 552 4051; x_wconf 91' lang='lat' dir='ltr'><strong>sit.</strong></span> <span class='ocrx_word' id='word_1_309' title='bbox 605 3989 678 4051; x_wconf 91' lang='lat' dir='ltr'><strong>Nam</strong></span> <span class='ocrx_word' id='word_1_310' title='bbox 711 3993 736 4052; x_wconf 91' lang='lat' dir='ltr'><strong>si</strong></span> <span class='ocrx_word' id='word_1_311' title='bbox 769 3993 834 4056; x_wconf 87' lang='lat' dir='ltr'><strong>lieri</strong></span> <span class='ocrx_word' id='word_1_312' title='bbox 864 3993 1025 4072; x_wconf 90' lang='lat' dir='ltr'><strong>potuisset,</strong></span> <span class='ocrx_word' id='word_1_313' title='bbox 1058 3988 1292 4068; x_wconf 84' lang='lat' dir='ltr'><strong>Porphyrionem</strong></span> <span class='ocrx_word' id='word_1_314' title='bbox 1325 3991 1429 4066; x_wconf 91' lang='lat' dir='ltr'><strong>quinto</strong></span> 
     </span>
     <span class='ocr_line' id='line_1_38' title="bbox 257 4085 1428 4172; baseline -0.003 -20"><span class='ocrx_word' id='word_1_315' title='bbox 257 4093 356 4172; x_wconf 90' lang='lat' dir='ltr'><strong>potius</strong></span> <span class='ocrx_word' id='word_1_316' title='bbox 388 4088 507 4151; x_wconf 89' lang='lat' dir='ltr'><strong>saeculo</strong></span> <span class='ocrx_word' id='word_1_317' title='bbox 540 4106 572 4149; x_wconf 88' lang='lat' dir='ltr'><strong>se</strong></span> <span class='ocrx_word' id='word_1_318' title='bbox 604 4089 826 4169; x_wconf 86' lang='lat' dir='ltr'><strong>adscripturum</strong></span> <span class='ocrx_word' id='word_1_319' title='bbox 859 4091 951 4151; x_wconf 89' lang='lat' dir='ltr'><strong>luisse</strong></span> <span class='ocrx_word' id='word_1_320' title='bbox 982 4088 1104 4168; x_wconf 86' lang='lat' dir='ltr'><strong>latetur,</strong></span> <span class='ocrx_word' id='word_1_321' title='bbox 1137 4104 1233 4165; x_wconf 89' lang='lat' dir='ltr'><strong>neque</strong></span> <span class='ocrx_word' id='word_1_322' title='bbox 1263 4085 1351 4146; x_wconf 91' lang='lat' dir='ltr'><strong>verba</strong></span> <span class='ocrx_word' id='word_1_323' title='bbox 1380 4085 1428 4148; x_wconf 90' lang='lat' dir='ltr'><strong>illa</strong></span> 
     </span>
    </p>
   </div>
   <div class='ocr_carea' id='block_1_7' title="bbox 347 4251 1429 4565">
    <p class='ocr_par' dir='ltr' id='par_1_9' title="bbox 347 4251 1429 4565">
     <span class='ocr_line' id='line_1_39' title="bbox 349 4251 949 4323; baseline 0.002 -16"><span class='ocrx_word' id='word_1_324' title='bbox 349 4257 375 4323; x_wconf 82' lang='grc' dir='ltr'><strong>ι)</strong></span> <span class='ocrx_word' id='word_1_325' title='bbox 394 4251 514 4320; x_wconf 81' lang='lat' dir='ltr'><strong>Teuffel,</strong></span> <span class='ocrx_word' id='word_1_326' title='bbox 533 4251 606 4306; x_wconf 83' lang='lat' dir='ltr'><strong>Hist.</strong></span> <span class='ocrx_word' id='word_1_327' title='bbox 625 4251 693 4311; x_wconf 84' lang='lat' dir='ltr'><strong>Liti.</strong></span> <span class='ocrx_word' id='word_1_328' title='bbox 712 4254 807 4311; x_wconf 79' lang='lat' dir='ltr'><strong>Rom.⁶</strong></span> <span class='ocrx_word' id='word_1_329' title='bbox 823 4272 850 4323; x_wconf 79' lang='lat' dir='ltr'><strong>p.</strong></span> <span class='ocrx_word' id='word_1_330' title='bbox 871 4258 949 4308; x_wconf 77' lang='lat'><strong>1024.</strong></span> 
     </span>
     <span class='ocr_line' id='line_1_40' title="bbox 347 4327 1429 4403; baseline -0.003 -15"><span class='ocrx_word' id='word_1_331' title='bbox 347 4338 374 4402; x_wconf 75' lang='lat'><strong>2)</strong></span> <span class='ocrx_word' id='word_1_332' title='bbox 392 4330 592 4403; x_wconf 83' lang='lat' dir='ltr'><strong>Porphyrionis</strong></span> <span class='ocrx_word' id='word_1_333' title='bbox 611 4332 827 4389; x_wconf 82' lang='lat' dir='ltr'><strong>commentarii.</strong></span> <span class='ocrx_word' id='word_1_334' title='bbox 845 4348 943 4389; x_wconf 82' lang='lat' dir='ltr'><strong>..rec</strong></span> <span class='ocrx_word' id='word_1_335' title='bbox 963 4332 995 4386; x_wconf 86' lang='lat' dir='ltr'><strong>G.</strong></span> <span class='ocrx_word' id='word_1_336' title='bbox 1014 4331 1111 4398; x_wconf 82' lang='lat' dir='ltr'><strong>Meyer</strong></span> <span class='ocrx_word' id='word_1_337' title='bbox 1130 4333 1211 4394; x_wconf 82' lang='grc'><strong>1874,</strong></span> <span class='ocrx_word' id='word_1_338' title='bbox 1234 4329 1320 4398; x_wconf 84' lang='lat' dir='ltr'><strong>praef.</strong></span> <span class='ocrx_word' id='word_1_339' title='bbox 1336 4348 1362 4399; x_wconf 90' lang='lat' dir='ltr'><strong>p.</strong></span> <span class='ocrx_word' id='word_1_340' title='bbox 1382 4327 1429 4385; x_wconf 85' lang='lat' dir='ltr'><strong>Vl.</strong></span> 
     </span>
     <span class='ocr_line' id='line_1_41' title="bbox 348 4415 566 4565; baseline 0 -15"><span class='ocrx_word' id='word_1_341' title='bbox 348 4415 376 4565; x_wconf 76' lang='lat' dir='ltr'><strong>lt</strong></span> <span class='ocrx_word' id='word_1_342' title='bbox 394 4416 414 4548; x_wconf 87' lang='lat' dir='ltr'><strong>l</strong></span> <span class='ocrx_word' id='word_1_343' title='bbox 433 4431 457 4550; x_wconf 75' lang='grc' dir='ltr'><strong>ἓξ</strong></span> <span class='ocrx_word' id='word_1_344' title='bbox 476 4431 503 4563; x_wconf 70' lang='grc' dir='ltr'><strong>ξς</strong></span> <span class='ocrx_word' id='word_1_345' title='bbox 522 4419 566 4550; x_wconf 74' lang='lat' dir='ltr'><strong>{it</strong></span> 
     </span>
    </p>
   </div>
   <div class='ocr_carea' id='block_1_8' title="bbox 0 0 1586 5238">
    <p class='ocr_par' dir='ltr' id='par_1_10' title="bbox 0 0 1586 5238">
     <span class='ocr_line' id='line_1_42' title="bbox 0 0 1586 5238; baseline 0 1"><span class='ocrx_word' id='word_1_346' title='bbox 0 0 1586 5238; x_wconf 95' lang='lat' dir='ltr'><strong> </strong></span> 
     </span>
    </p>
   </div>
  </div>
 </body>
</html>
