3162 5238
738 421 980 484 —162—

274 604 391 664 bomine
425 607 476 682 qui
507 607 614 664 mirum
648 611 693 663 est
726 613 864 682 quantam
897 605 1079 682 praestiterit
1106 604 1322 683 neglegentiam
1350 611 1437 682 atque

272 704 477 780 ignorantiam.
528 702 599 762 Nam
634 720 701 763 cum
733 701 945 779 Porphyrionis
977 705 1237 780 interpretationes
1270 703 1366 763 codici
1397 701 1438 761 illi

273 800 432 863 Horatiano
466 803 526 861 sive
559 803 589 860 111
623 802 754 878 margine
788 799 952 878 adscriptae
987 802 1046 859 sive
1079 802 1158 860 inter
1191 818 1293 860 vorsus
1326 802 1438 879 positae

274 908 383 980 essent,
407 903 534 979 primum
558 901 662 959 miram
686 897 831 976 quandam
855 896 1109 976 perturbationem
1129 897 1309 958 scholiorum
1328 897 1439 977 effecit3

273 998 378 1058 deiude
398 999 542 1078 lemmata,
567 997 617 1057 ubi
639 997 758 1076 quidem
777 1014 792 1055 a
811 995 1014 1074 Porphyrione
1035 996 1154 1056 scholiis
1173 1015 1234 1057 uon
1253 1005 1337 1056 eraut
1355 1014 1438 1074 prae·

272 1099 377 1176 posita,
400 1099 518 1175 saepius
542 1113 697 1174 perperam
721 1097 785 1172 ipse
809 1093 974 1172 adscripsit.

360 1193 391 1254 Id
416 1214 533 1274 quoque
558 1197 586 1255 ei
610 1196 734 1254 lortasse
759 1194 829 1250 vitio
852 1191 1026 1252 vertendum
1051 1203 1108 1273 est,
1132 1193 1211 1272 quod
1236 1194 1439 1264 commentarii

272 1293 306 1353 ad
332 1292 490 1353 Sermones
518 1302 548 1352 11
575 1291 723 1370 Epistulas
749 1286 973 1364 ‘toocoesoeote
1000 1294 1109 1350 sensim
1136 1292 1191 1351 sub
1219 1296 1310 1365 finem
1338 1295 1438 1367 operis

273 1395 462 1468 excerptoris
493 1386 609 1451 stodio'
638 1389 714 1448 haud
744 1390 852 1466 integri
880 1406 984 1466 magua
1013 1388 1191 1449 scholiorum
1221 1400 1303 1468 parte
1329 1393 1436 1449 omissa

272 1487 307 1548 ad
333 1507 385 1549 nos
408 1497 616 1568 pervenerunt.
653 1485 737 1556 Quod
761 1485 796 1544 ad
819 1485 929 1552 scholia
948 1486 984 1546 ad
1005 1487 1098 1566 Serm.
1118 1485 1178 1548 113
1199 1497 1228 1547 et
1247 1485 1307 1547 116
1325 1490 1436 1565 attinet,

272 1604 398 1664 quorum
431 1604 534 1665 magna
562 1605 631 1665 pars
654 1585 780 1662 interiit,
814 1583 870 1643 boc
898 1583 1022 1645 fortasse
1051 1604 1109 1645 non
1139 1588 1323 1664 excerptoris
1352 1585 1436 1663 culpa

271 1686 380 1744 iactum
405 1691 462 1764 cst,
490 1684 541 1743 1111
570 1690 691 1762 propter
716 1683 863 1742 deiectum
887 1681 968 1743 illius
991 1683 1102 1743 codicis
1126 1682 1291 1766 lloratiani,
1319 1702 1354 1743 111
1379 1702 1436 1762 quo

226 1783 230 1788 “
272 1782 381 1842 scholia
400 1781 618 1861 Porphyrionea
643 1783 674 1840 111
697 1799 789 1841 11111111
813 1783 897 1860 quasi
921 1799 1030 1860 corpus
1053 1791 1153 1842 coacta
1178 1793 1255 1843 sunt.
1292 1780 1354 1842 Hoc
1373 1782 1436 1840 iere

270 1881 356 1940 modo
386 1880 564 1959 archetypus
591 1880 802 1959 Porphyrionis
831 1888 914 1939 ortus
943 1898 1008 1939 esse
1037 1880 1167 1962 videtur,
1195 1900 1230 1940 ex
1259 1900 1317 1960 quo
1344 1881 1436 1941 codex

269 1979 453 2039 Monacensis
478 1973 560 2062 (Μ),
588 1998 609 2039 s.
635 1977 661 2038 X
685 1981 827 2056 scriptus,
856 1977 1005 2038 derivatus
1028 1988 1086 2058 est;
1115 1986 1202 2058 atque
1226 1981 1334 2039 iterum
1359 1997 1436 2039 com·

271 2079 407 2137 moniarii
436 2077 562 2138 mutilati
589 2085 676 2156 atque
705 2078 856 2155 depravati
884 2084 954 2136 sunt
977 2075 1100 2136 stultitia
1124 2087 1154 2137 et
1173 2077 1290 2137 levitate
1313 2075 1436 2157 librarii,

272 2177 324 2254 qui
347 2175 424 2235 haud
448 2193 515 2235 raro
540 2194 555 2234 a
580 2173 719 2234 vocabulo
744 2173 870 2252 quodam
889 2173 925 2233 ad
944 2174 1038 2234 simile
1059 2175 1228 2235 transiliens
1252 2177 1435 2254 1111111111-

270 2276 365 2352 posita
390 2283 474 2333 erant
498 2275 605 2352 omisit,
630 2271 739 2333 autad
764 2273 948 2350 superiorem
972 2291 1074 2332 vocem
1098 2273 1216 2334 rediens
1241 2274 1341 2334 eadem
1361 2293 1436 2353 quae

270 2371 357 2431 modo
391 2373 552 2449 scripserat
583 2373 692 2430 iterum
725 2373 824 2448 posuit
852 2377 902 2430 aut
930 2389 965 2430 ex
992 2373 1030 2429 iis
1059 2390 1133 2449 quae
1161 2390 1219 2431 uon
1248 2371 1435 2451 intellegebat

271 2470 411 2530 mutando
436 2487 509 2529 nova
534 2468 674 2528 vocabula
699 2466 754 2527 sibi
774 2477 842 2527 nota
862 2468 998 2548 coniecit,
1023 2469 1149 2548 denique
1169 2472 1299 2531 cuiusvis
1319 2472 1436 2549 generis

271 2569 339 2627 vitia
370 2567 478 2629 intulit.
529 2566 585 2637 Qui
614 2566 719 2627 deinde
748 2563 857 2625 s.le
886 2575 915 2625 et
943 2564 993 2624 XV
1021 2566 1136 2627 ceteros
1164 2567 1295 2648 codices,
1328 2568 1436 2647 quibus

270 2663 482 2743 Porphyrionis
515 2665 718 2725 commentarii
752 2665 955 2742 continentur,
988 2666 1186 2744 scripserunt,
1223 2683 1435 2744 saepenumero

270 2781 324 2823 suo
370 2763 493 2824 arbitrio
540 2765 661 2822 vitiosos
707 2769 922 2839 corruptosquc
969 2760 1049 2821 locos
1095 2762 1206 2823 codicis
1251 2763 1436 2824 Monacensis

270 2861 507 2922 emendaverunt.

358 2957 444 3034 512.
477 2958 577 3038 ltaque
597 2976 665 3019 cum
685 2959 889 3018 commentarii
908 2975 981 3034 quos
996 2975 1050 3016 nos
1065 2957 1208 3018 habemus
1221 2958 1435 3037 propemodum

270 3057 319 3116 alii
343 3060 402 3116 siut
425 3065 475 3117 aut
499 3065 579 3116 certa
603 3055 688 3134 longe
712 3055 890 3115 abhorreant
913 3053 949 3113 ab
973 3055 1010 3112 iis
1032 3074 1106 3133 quos
1125 3055 1288 3135 Porphyrio
1309 3058 1436 3136 scripsit,

273 3153 336 3212 fieri
360 3172 419 3214 non
437 3162 544 3233 potest,
569 3162 603 3212 ut
625 3155 716 3212 exiis
736 3151 845 3230 aliquid
865 3151 1017 3212 eliciamus
1036 3152 1072 3212 ad
1091 3152 1287 3214 definiendam
1307 3155 1436 3214 auctoris

271 3261 405 3331 aetatem,
431 3254 489 3311 nisi
512 3259 597 3311 antea
619 3252 774 3329 pristinam
799 3249 916 3309 illorum
941 3251 1064 3310 sormam
1088 3254 1317 3332 restituerimus,
1340 3252 1437 3312 idest

271 3369 346 3428 quae
383 3349 418 3409 ab
456 3349 549 3410 aliena
586 3368 675 3410 manu
708 3348 806 3409 addita
840 3350 901 3408 sive
934 3356 1045 3411 mutata
1079 3360 1148 3410 sunt
1181 3349 1375 3411 deleverimus
1408 3360 1438 3411 11

271 3447 538 3527 11111111111111111,
562 3465 637 3527 quae
661 3449 841 3508 interierunt
864 3448 959 3526 quoad
983 3456 1081 3526 potest
1104 3449 1169 3508 lieri
1192 3449 1436 3527 indagaverimus

359 3545 419 3606 lam
447 3549 469 3605 ii
496 3549 547 3624 qui
571 3545 784 3625 Porphyrionis
808 3549 1036 3606 commentarios
1060 3545 1173 3624 publici
1195 3548 1270 3606 iuris
1293 3547 1438 3628 fecerunt,

270 3643 435 3722 Paulyus,
459 3641 686 3722 Hauthalius,
714 3645 745 3703 iu
769 3645 872 3722 primis
896 3643 928 3704 G.
953 3645 1114 3723 Meyerus
1138 3662 1258 3722 operam
1282 3644 1436 3724 dederunt,

271 3752 303 3801 ut
326 3760 401 3820 quae
425 3740 600 3818 interpolata
624 3742 840 3822 cognovissent,
864 3741 1009 3822 delerent3
1033 3751 1132 3802 tamen
1156 3742 1265 3802 iactum
1290 3751 1335 3802 est
1354 3745 1435 3802 utin

270 3841 427 3899 novissima
452 3838 580 3898 editione
605 3855 691 3916 quam
716 3838 857 3899 babemus
876 3839 1007 3919 Meyeri
1027 3839 1172 3918 permulta
1192 3840 1314 3900 delenda
1333 3860 1435 3920 super·

272 3944 378 3996 essent.
428 3935 528 4015 ltaque
563 3936 639 3995 idem
672 3935 825 4015 Paulyus
858 3941 908 4017 qui
936 3957 960 3997 a.
992 3934 1075 3999 1858
1103 3937 1335 4017 Porphyrionem
1368 3957 1436 3999 cum

271 4034 390 4095 scholiis
409 4034 673 4095 Pseudacroniauis
692 4034 832 4114 ediderat,
850 4034 1138 4116 Petschenigius,
1163 4037 1261 4096 virdo
1280 4036 1436 4117 Porphyri-

270 4135 334 4192 onis
354 4135 572 4192 commeutariis
592 4131 782 4192 emendandis
797 4135 906 4211 optime
921 4133 1055 4213 meritus,
1074 4133 1123 4193 alii
1138 4135 1436 4195 commentationibus

272 4230 448 4308 corruptelis
472 4229 530 4289 illis
554 4229 666 4290 mederi
690 4233 786 4290 conati
811 4238 887 4291 sunt.

361 4326 450 4402 513.
487 4326 614 4387 Dubium
643 4345 708 4388 esse
736 4346 794 4387 non
823 4336 933 4408 potest,
961 4334 995 4387 ut
1020 4346 1109 4407 supra
1133 4329 1336 4409 exposuimus,
1365 4333 1436 4408 quin

271 4427 433 4506 Porphyrio
467 4426 637 4502 saepissime
668 4425 787 4485 Graecis
820 4424 970 4486 vocabulis
1002 4444 1075 4486 usus
1108 4427 1147 4486 sit
1179 4443 1287 4505 easque
1316 4426 1436 4488 Graecis

272 4543 388 4606 quoque
416 4524 523 4584 litteris
552 4525 714 4602 scripserit.
767 4523 984 4603 Saepenumero
1012 4533 1110 4584 autem
1138 4524 1246 4586 iactum
1276 4534 1333 4607 est,
1363 4533 1395 4586 ut
1418 4545 1434 4586 a
