3162 5238
600 424 840 490 -161—

139 613 182 670 ad
204 611 362 671 Sermones
387 608 478 685 facit,
507 610 579 668 iihri
601 610 699 684 primi
724 607 787 667 Sat.
810 614 915 678 sexta;
943 609 1157 668 desiderantur
1183 609 1303 669 Graeca

138 712 357 786 epiprammata
381 726 460 783 puae
481 708 519 767 at
544 709 646 766 eodem
670 711 903 766 commentatore
925 709 1083 781 aliquoties
1107 709 1304 767 adducuntur

139 813 168 866 et
186 809 320 882 piurima
341 804 474 880 sortasse
498 799 581 864 alia?

228 903 338 964 Deinde
364 894 642 981 Suringarius¹):
671 897 745 961 ‘Sed
770 919 838 962 cum
865 909 979 963 constet
1002 904 1222 979 Porphyrionis
1244 919 1302 962 non

138 1004 234 1062 minus
263 1020 353 1077 qnam
376 1002 506 1062 Acronis
534 1001 767 1060 Commentarios
794 1003 893 1060 mattis
916 1003 989 1060 iocis
1014 1005 1207 1076 interpolatos
1231 1017 1302 1072 esse,

138 1102 306 1160 cauendum
339 1103 471 1175 uidetur,
504 1116 542 1158 ne
573 1100 637 1156 itis
669 1114 748 1171 puae
776 1095 912 1171 sortasse
943 1101 981 1158 ah
1014 1102 1114 1159 aliena
1147 1116 1238 1158 manu
1271 1101 1302 1158 in

139 1199 359 1275 Porphyrionis
376 1199 627 1258 Commentarium
642 1197 761 1254 intrusa
774 1201 851 1269 sunt,
865 1199 1039 1272 plenissima
1051 1199 1128 1269 sides
1141 1193 1303 1257 habeatur’

139 1289 201 1375 et2)
222 1292 343 1371 ‘Itaque
364 1299 393 1356 si
414 1298 481 1371 quis
501 1310 613 1370 parum
637 1295 827 1354 considerate
846 1298 969 1370 plenam
993 1298 1057 1355 istis
1074 1298 1196 1356 scholiis
1212 1299 1304 1369 fidem

138 1394 256 1466 haheat,
273 1395 445 1468 periculum
465 1398 516 1467 cst,
535 1410 573 1452 ne
591 1392 739 1450 interdum
759 1393 866 1452 nutem
881 1410 940 1468 pro
960 1393 1076 1454 Iunone
1095 1398 1303 1470 amplectatur,

138 1497 308 1564 temereque
339 1492 393 1550 hos
423 1491 602 1570 scholiastas
632 1495 699 1564 post
732 1489 924 1550 Priscianum
952 1493 1096 1564 floruisse
1127 1493 1304 1552 contendat:

138 1605 195 1662 auo
228 1594 327 1648 tamen
354 1594 481 1662 uimque
508 1590 573 1646 sine
600 1588 691 1647 dictio
716 1585 778 1660 fuit
804 1583 970 1662 antiquior'
998 1581 1059 1668 οἰδ)
1087 1583 1208 1664 ‘ltaque
1236 1605 1303 1648 cum

138 1687 216 1744 haec
243 1687 351 1744 horum
379 1685 569 1745 Scholiorum
597 1688 678 1744 ratio
705 1687 756 1756 sit,
783 1691 817 1744 ut
844 1689 963 1747 omnino
993 1690 1141 1750 incertum
1164 1690 1304 1747 uideatur

138 1784 212 1855 quid
243 1785 301 1858 ipsi
328 1782 516 1843 Scholiastae
547 1784 738 1858 scripserint,
772 1785 847 1857 quid
877 1785 915 1843 ob
947 1787 1138 1861 impostorum
1166 1787 1305 1846 manitus

138 1881 274 1940 additum
301 1883 352 1955 sit,
380 1899 455 1941 sane
482 1883 629 1941 iniuriam
654 1879 804 1954 faciemus
832 1881 951 1942 Acroni
976 1889 1006 1943 et
1034 1885 1251 1959 Porphyrioni,
1278 1885 1306 1942 si

139 1981 209 2053 ipsis
241 1981 391 2054 imputare
423 1982 545 2040 uelimus
577 1981 658 2053 qnod
689 1980 720 2038 in
753 1978 835 2038 hisce
863 1978 992 2040 Schotiis
1016 1984 1129 2056 possim
1157 1982 1304 2041 uocatuta

138 2079 343 2152 reperiuntur,
368 2095 447 2153 quae
470 2081 517 2138 uel
533 2080 627 2154 plone
650 2078 805 2150 ionorauit
823 2077 961 2137 Romana
980 2081 1086 2152 tinpua
1104 2081 1152 2138 oct
1169 2096 1188 2137 u
1206 2081 1303 2152 sepui-

139 2190 225 2234 orum
266 2182 381 2235 tantum
422 2184 588 2251 temporum
628 2176 829 2250 scriptoribus
869 2171 1079 2250 usurpantur.'
1138 2175 1180 2236 Cl.
1217 2176 1303 2235 etiam

141 2270 288 2331 Useneri
320 2268 374 2331 ‘ne
403 2272 528 2333 Scholiis
556 2267 735 2332 Horatianls'
769 2275 1044 2333 commentationem
1078 2266 1180 2356 (Rern.
1212 2271 1305 2354 1863,

137 2365 249 2448 p.Vlll)
262 2369 514 2450 etlliesslingii
528 2368 581 2430 ‘lle
596 2372 731 2449 personis
746 2367 858 2431 Horat?
873 2379 1029 2431 comment.
1039 2365 1123 2452 (pe)
1135 2380 1164 2432 et
1174 2371 1306 2450 Meyari

139 2466 269 2527 libellum
289 2461 402 2550 (progr.
419 2469 528 2530 llonac.
546 2462 644 2550 1870)
665 2464 811 2546 ‘Beitrige
830 2487 854 2529 z.
873 2461 973 2529 Krnih‘
989 2468 1017 2529 d.
1031 2468 1304 2531 Horazscholiasten

139 2561 339 2644 Porphyrion'
363 2570 481 2645 passim.

228 2662 247 2739 ξ
270 2662 317 2722 11.
355 2664 451 2743 Atque
480 2683 537 2744 quo
566 2664 672 2724 melius
700 2664 846 2743 quomodo
874 2683 929 2743 per
955 2667 1070 2727 saecula
1093 2667 1305 2746 Porphyrionis

140 2763 343 2821 commentarii
366 2761 493 2822 mutilati
516 2765 683 2842 ineptisque
703 2760 909 2822 additamentis
933 2766 1013 2824 aucti
1032 2767 1091 2824 sint
1109 2764 1305 2844 intellegatur,

140 2864 196 2919 iarn
228 2862 330 2938 paucis
363 2860 530 2940 historiam,
563 2871 596 2940 ut
628 2862 668 2921 ita
701 2859 845 2939 dicamus,
878 2859 996 2921 illorum
1025 2866 1305 2924 commentariorum

138 2976 360 3038 persequamur.
411 2959 533 3020 Videtur
560 2958 724 3038 Porphyrio
752 2959 1011 3036 interpretationes
1040 2979 1109 3021 suas
1136 2963 1167 3021 in
1196 2961 1305 3023 codicis

139 3059 270 3135 margine
294 3058 500 3139 adscripsisse,
527 3066 560 3118 ut
588 3077 623 3119 ex
648 3055 759 3117 scholio
784 3056 820 3117 ad
845 3056 874 3117 S.
892 3056 905 3116 l
924 3054 953 3138 9,
972 3054 1014 3119 52
1039 3058 1177 3120 concludi
1199 3067 1305 3140 potest,

138 3154 191 3214 uhi
222 3155 294 3216 haec
328 3165 410 3217 sunt:
443 3153 498 3218 <ne
529 3175 651 3218 necesse
677 3159 717 3216 sit
741 3153 921 3231 frequenter
948 3160 1106 3218 ostendere
1133 3162 1200 3233 quis
1228 3176 1306 3233 quae

138 3255 232 3314 uerba
268 3255 380 3315 haheat
416 3263 470 3316 aut
505 3257 586 3316 unde
619 3257 747 3331 incipiat
778 3256 871 3327 toqui,
908 3255 965 3314 hoc
997 3256 1216 3315 obseruandum
1250 3263 1305 3316 est:

140 3354 281 3428 deinceps
308 3359 337 3413 et
364 3371 459 3429 supra
487 3353 551 3430 [et]
577 3354 631 3413 nti
659 3356 718 3412 duo
738 3358 854 3427 punctu
879 3353 1055 3427 interposita
1079 3360 1149 3413 sunt
1179 3357 1306 3414 atteram

136 3467 299 3526 personam
321 3455 404 3526 toqui
426 3455 590 3525 inteltepos.
628 3441 793 3530 coierunt)
819 3452 879 3508 iam
902 3466 1005 3508 sensns
1029 3453 1091 3526 ipse
1115 3452 1210 3526 docet,
1233 3453 1308 3526 quid

138 3549 284 3609 Horatius
317 3552 392 3622 quid
423 3553 471 3611 itte
503 3554 642 3611 molestus
675 3543 778 3609 dicat?
829 3545 905 3606 Tum
933 3546 1001 3607 inde
1030 3547 1066 3607 ab
1095 3551 1215 3609 ineunte
1244 3551 1305 3609 iere

139 3656 222 3708 sexto
259 3647 376 3708 saeculo
414 3649 618 3709 commentarii
655 3645 933 3724 interpolationibus
970 3639 1081 3726 aucti⁵)
1119 3645 1205 3724 paulo
1238 3656 1305 3706 ante

139 3745 290 3806 saeculum
327 3738 470 3828 nonum⁶)
507 3745 623 3806 collecti
660 3755 690 3805 at
723 3746 873 3805 coniuncti
898 3761 963 3803 esse
997 3742 1147 3825 videntur,
1185 3744 1235 3804 sed
1270 3745 1305 3802 ah

233 3909 259 3977 1)
277 3906 349 3962 Hist.
370 3907 456 3962 critic.
476 3906 617 3965 scholinst.
636 3905 726 3963 Latin.
746 3907 778 3963 T.
798 3905 836 3960 ΙΙΙ
854 3925 880 3976 p.
900 3912 924 3960 9.

228 3987 258 4056 a)
274 3987 293 4042 1.
313 4003 336 4041 e.
354 4005 382 4057 p.
402 3993 444 4040 nr.

229 4072 255 4134 3)
274 4062 292 4120 l.
313 4083 336 4123 c.
355 4085 382 4137 p.
402 4071 445 4122 58.

227 4147 254 4212 4)
273 4145 315 4200 M:
335 4151 418 4212 certe;
436 4147 533 4216 Pauly.
554 4151 632 4214 1877,
650 4165 676 4216 p.
698 4153 713 4200 6
733 4147 838 4215 optime
859 4147 980 4202 emend:
999 4153 1123 4203 ceterum.

229 4227 255 4292 ὁ)
275 4225 307 4278 In
325 4227 439 4282 scholiis
452 4225 614 4282 Horatianis
634 4243 704 4297 quse
724 4228 774 4282 sub
789 4227 906 4282 Acronis
925 4229 1036 4283 nomine
1054 4229 1188 4298 feruntur,
1209 4229 1304 4300 qualia

139 4308 239 4362 extum
260 4305 290 4362 in
313 4307 373 4364 cod.
393 4307 480 4364 Paris.
500 4310 617 4376 naueh,
641 4308 739 4377 quinto
762 4306 819 4363 fere
839 4309 950 4364 saeculo
970 4309 1147 4380 conscriptis,
1171 4311 1305 4362 nonnulle

139 4391 252 4442 servate
277 4391 341 4444 sunt
364 4405 396 4443 ex
418 4388 609 4460 Porphyrione
633 4390 792 4458 desumpta,
819 4388 849 4443 in
873 4389 972 4459 quibus
995 4387 1225 4457 interpolationes
1249 4407 1304 4442 non

139 4468 321 4537 reperiuntur.
359 4470 414 4523 Sed
434 4470 468 4525 de
486 4470 540 4526 hnc
559 4487 588 4525 re
607 4469 680 4524 infra
698 4470 809 4524 uberius
830 4468 1043 4539 disputabimus.

229 4553 255 4616 6)
276 4547 317 4604 cf.
336 4547 484 4620 Kiassling.
504 4550 522 4604 l.
543 4568 565 4606 c.
584 4569 611 4620 p.
632 4557 655 4606 6.

196 4647 401 4689 Commentationes
416 4651 529 4690 Iansnses.
557 4651 583 4690 V.
1061 4643 1091 4688 ll
