3162 5238
697 380 937 444 -186-

325 561 366 622 Ad
382 563 496 623 6661111
512 560 541 643 9,
555 560 598 624 22
612 561 776 642 Porphyrio
795 562 868 623 haec
886 571 1019 624 annotat:
1037 558 1079 624 ‘et
1100 563 1218 625 Viscum
1232 571 1261 624 ct
1277 563 1401 624 Varium

236 662 383 722 Horatius
403 665 514 723 amicos
533 664 647 722 hahuit.
681 664 722 722 de
744 663 846 723 Visco
866 661 969 738 infru
989 665 1152 732 dicetur;
1173 663 1282 723 Varius
1301 671 1400 723 cutem

237 754 293 842 (M:
317 753 430 839 tumen)
455 763 492 820 de
516 762 694 821 doctissimis
713 759 777 835 suit
798 768 828 820 et
845 779 872 836 6.
891 756 945 836 sq?
982 759 1179 839 Expectamus
1202 763 1293 840 igitur
1312 779 1400 821 anno-

236 859 375 919 tationem
395 857 606 938 Porphyrionis
629 858 664 918 ad
684 876 771 918 serm.
791 858 803 918 l
820 855 869 940 10,
884 856 935 938 83,
959 857 1008 919 uhi
1028 859 1105 938 apud
1124 858 1278 920 Horatium
1299 867 1371 920 estt.

465 953 553 1018 ‘hoec
576 961 692 1019 uticum
714 957 868 1018 Viscorum
891 961 995 1019 laudet
1017 951 1175 1034 uterquel'

235 1057 286 1117 sed
314 1055 386 1116 11666
415 1057 563 1117 annotatio
592 1059 622 1116 in
651 1054 804 1116 codicibus
831 1055 1043 1136 Porphyrionis
1071 1055 1264 1117 desideratur.
1314 1055 1399 1134 Apud

235 1155 380 1214 Aaronem
401 1155 432 1216 Γ
446 1164 543 1215 autem
563 1154 636 1215 11666
655 1155 807 1232 leguntur:
826 1149 926 1215 ‘Visci
943 1157 1003 1216 duo
1018 1153 1137 1230 fratres
1152 1153 1281 1230 [66611111
1298 1156 1403 1230 optimi

232 1259 352 1329 poetae,
382 1257 439 1314 cii*
464 1256 588 1314 criticos
611 1256 725 1314 dicunt.
771 1255 896 1313 oiitcr:
926 1253 966 1312 Hi
984 1252 1103 1328 fratres
1122 1251 1258 1327 suerunt.
1306 1254 1400 1314 Potor

235 1367 338 1410 corum
361 1351 462 1411 Vibius
485 1351 597 1425 Viscus,
616 1353 751 1425 quumvis
770 1357 799 1411 et
817 1354 929 1412 diuitiis
948 1359 978 1412 et
996 1354 1130 1412 amicitie
1147 1352 1278 1426 Aucusti
1295 1355 1400 1413 clarus

235 1444 344 1528 [usus]
369 1456 453 1523 esset,
478 1452 509 1509 in
533 1452 666 1524 equestri
688 1455 788 1510 tumeo
811 1453 920 1511 ordine
936 1453 1126 1527 perdurarit,
1149 1453 1313 1523 6111661166
1330 1469 1401 1511 suos

233 1554 390 1607 senatores
406 1542 550 1622 fecisset?
582 1545 645 1608 Hoc
665 1546 796 1607 scholion
817 1540 1092 1630 Kiesstingius1)
1112 1565 1225 1607 summa
1245 1565 1312 1608 cum
1331 1565 1399 1626 pro-

233 1642 355 1704 bilitatis
379 1645 477 1723 specie
496 1642 708 1723 Porphyrionis
732 1663 797 1704 6666
821 1645 981 1726 contendit,
1005 1664 1040 1706 eo
1064 1644 1141 1723 quod
1161 1644 1325 1724 Porphyrio
1349 1665 1400 1706 eos

233 1745 284 1823 qui
304 1742 344 1802 de
364 1745 529 1821 personis
545 1741 751 1804 Horatianis
770 1746 956 1824 scripserunt
970 1737 1050 1828 bis²)
1065 1745 1145 1825 citat,
1164 1745 1282 1823 saepius
1297 1763 1399 1806 eorum

233 1841 408 1901 sententiam
437 1838 547 1920 attulit,
574 1839 647 1900 haec
675 1850 772 1903 autem
797 1843 833 1904 116
857 1843 951 1905 Viscis
975 1844 1119 1922 expositio
1143 1845 1252 1920 optime
1277 1842 1400 1921 quadrat

232 1941 263 1999 in
283 1948 418 2000 naturam
433 1946 463 1998 61
481 1938 605 1998 sormam
621 1957 721 2001 earum
737 1942 968 2021 annotationum,
988 1940 1023 2000 de
1039 1939 1148 2019 quibus
1163 1939 1248 1999 modo
1264 1940 1399 2002 diximus.

321 2036 470 2096 Habemus
489 2037 579 2114 igitur
593 2036 804 2118 Porphyrionis
824 2039 957 2101 scholion
977 2057 1012 2098 ex
1031 2036 1163 2117 61661666
1182 2039 1247 2098 6166
1266 2039 1399 2118 61661616

232 2136 440 2214 depromptum
469 2143 499 2194 61
526 2133 563 2194 ab
590 2135 705 2196 Acrone
729 2135 760 2198 Γ
785 2136 869 2198 nobis
898 2146 1054 2198 servatum.
1101 2135 1399 2197 Animadvertendum

233 2243 331 2294 autem
354 2241 408 2312 est,
432 2231 509 2311 quod
534 2232 590 2293 hoc
614 2254 732 2315 quoque
756 2235 888 2296 scholion
912 2238 943 2294 in
962 2237 998 2295 iis
1018 2242 1072 2315 661,
1096 2251 1171 2312 quae
1191 2251 1261 2294 voce
1281 2229 1399 2297 ‘aliter'

232 2332 396 2392 alienentur
419 2338 537 2390 etcum
557 2334 674 2410 saepius
694 2337 730 2394 iis
749 2335 829 2414 16616,
853 2332 905 2395 uhi
923 2332 1000 2412 apud
1020 2332 1165 2392 Aaronem
1181 2331 1212 2392 Γ
1231 2331 1399 2412 complures

233 2431 431 2509 expositiones
455 2429 559 2488 eodem
582 2430 628 2490 vel
651 2432 740 2492 simili
764 2432 850 2493 modo
875 2432 1110 2508 coniunguntur,
1134 2446 1226 2489 unum
1250 2448 1285 2489 ex
1309 2431 1345 2490 iis
1369 2442 1399 2491 61

232 2529 376 2606 optimum
404 2527 466 2587 1666
493 2526 704 2607 Porphyrionis
732 2533 783 2610 611,
812 2546 870 2589 666
899 2527 1026 2587 61166616
1055 2533 1100 2584 661
1127 2532 1231 2603 661666
1259 2525 1398 2588 66666116

232 2625 267 2686 61
291 2627 406 2685 Acrone
431 2623 462 2684 Γ
480 2623 627 2685 similibus
650 2625 722 2687 locis
746 2635 860 2688 servata
884 2643 964 2705 6666,
988 2641 1062 2702 quae
1086 2621 1297 2703 Porphyrionis
1321 2635 1398 2707 sunt,

231 2727 261 2784 in
290 2725 354 2785 eius
382 2731 479 2782 autem
507 2722 659 2784 codicibus
687 2727 744 2786 iam
772 2744 832 2785 non
860 2729 968 2783 extant.
1018 2720 1083 2781 Huc
1111 2721 1236 2782 sortasse
1264 2731 1399 2801 spectant

232 2822 342 2883 scholia
366 2822 400 2881 ad
426 2819 518 2882 Serm.
542 2819 691 2903 115,51;
715 2821 744 2903 6,
763 2820 820 2903 206
844 2819 873 2903 6,
894 2817 949 2900 796
973 2816 1001 2900 6,
1020 2816 1076 2898 936
1101 2816 1129 2898 l,
1151 2816 1205 2899 146
1229 2817 1258 2900 8,
1278 2818 1334 2901 786
1361 2823 1396 2882 611

232 2920 312 2999 Epl
334 2919 360 2994 1,
376 2916 432 3000 936
453 2916 482 3000 2,
500 2917 532 2999 16
552 2917 581 3001 l,
596 2918 629 3001 66
650 2919 677 3001 l,
692 2918 748 3002 246
769 2917 798 3001 7,
813 2917 925 2999 666611
940 2919 970 2978 A.
986 2916 1016 2978 P.
1032 2915 1111 2998 2326
1129 2914 1207 2998 2336
1227 2914 1305 2999 2886
1324 2917 1397 2982 380.

321 3018 398 3078 Haec
422 3017 520 3097 habui,
542 3037 616 3097 quae
636 3019 672 3078 de
688 3019 868 3079 scholiorum
883 3015 1208 3076 Pseudacronienorum
1222 3018 1397 3078 auctoritate

232 3116 267 3176 ad
282 3115 480 3175 emendandos
495 3116 729 3196 reficiendosque
744 3115 955 3195 Porphyrionis
969 3115 1196 3173 commentarios
1211 3132 1396 3194 exponerem.

320 3210 410 3290 pto,
447 3212 558 3293 Restat,
582 3222 614 3274 ut
637 3215 818 3275 mentionem
841 3213 945 3273 laciam
968 3211 1046 3272 illius
1065 3211 1222 3290 fragmenti
1240 3212 1397 3294 Porphyri-

232 3314 312 3392 onei,
337 3311 414 3390 quod
438 3320 484 3372 661
507 3311 584 3391 66611
608 3311 773 3373 Charisium
798 3311 1020 3390 grammaticum
1045 3307 1132 3393 (lleil.
1156 3330 1183 3390 p.
1201 3304 1294 3395 220),
1318 3313 1396 3391 quod

231 3408 718 3487 lliesslingiuscommentariis
742 3412 772 3470 in
797 3409 910 3470 Horatii
934 3409 1063 3469 carmina
1087 3407 1192 3468 tribuit
1215 3425 1311 3488 neque
1336 3413 1397 3471 veri

232 3505 325 3567 simile
345 3525 403 3566 non
424 3516 469 3567 661
487 3506 559 3567 111611
579 3527 643 3568 6666
658 3507 869 3587 Porphyrionis
889 3509 1107 3568 annotationem
1127 3504 1161 3566 ad
1177 3504 1230 3585 Ep.
1245 3506 1257 3567 l
1271 3501 1396 3592 6311),

232 3604 282 3665 ubi
305 3604 445 3665 Horatius
468 3604 556 3666 dixit:

730 3691 783 3737 ³-
804 3714 845 3756 cu
868 3699 946 3756 male
968 3702 1054 3755 sorta

441 3795 547 3867 pretio
569 3796 751 3868 nequiquam
774 3796 835 3854 coit
857 3800 887 3853 et
909 3795 1095 3854 rescinditur
1112 3789 1163 3836 —'

230 3916 314 3995 Apud
330 3916 494 3977 Charisium
510 3918 589 3976 euim
604 3917 676 3977 haec
691 3925 804 3978 extant:
825 3913 877 3978 ‘Vt
892 3919 1064 3995 Porphyrio
1079 3937 1118 3980 ex
1136 3917 1242 3981 Verrio
1256 3922 1396 3983 ethsto:

231 4018 262 4075 iu
286 4016 495 4089 ancoralibus,
519 4018 624 4089 iuquit,
648 4017 734 4075 libris
758 4018 801 4075 ito
825 4023 882 4076 est:
904 4034 979 4077 sorte
1001 4023 1162 4092 surctcpue
1176 4065 1182 4077 .
1198 4065 1204 4077 .
1220 4065 1226 4078 .
1242 4014 1312 4079 tiis.’

320 4166 516 4235 nlopu

319 4248 347 4316 2)
366 4247 404 4301 ad
422 4247 509 4303 Sem.
527 4247 579 4314 la,
593 4253 640 4314 116
659 4248 710 4316 Ι3,
725 4255 768 4304 90.

318 4330 345 4398 3)
365 4329 405 4382 De
428 4343 537 4396 person.
560 4327 658 4384 Horat.
675 4346 701 4397 p.
722 4333 750 4396 6,
774 4330 869 4386 adnot.
889 4336 918 4396 63
943 4333 986 4384 661
1008 4331 1053 4384 hic
1077 4345 1153 4383 error
1175 4331 1394 4401 typographicae

230 4407 281 4479 Hp.
296 4408 308 4461 I
323 4416 347 4476 1,
363 4411 395 4462 31
415 4423 466 4476 pro
484 4405 535 4476 Ep.
550 4407 563 4460 l
577 4413 601 4474 3,
616 4414 660 4477 31,
679 4426 762 4476 quem
780 4411 968 4466 Froehdius
989 4409 1086 4465 ‘bed
1102 4408 1173 4464 lulio
1190 4411 1333 4467 Bomano’
1354 4413 1393 4468 in·

230 4491 341 4562 aegrum
359 4489 387 4543 in
406 4487 532 4544 libellum
552 4505 631 4544 suum
649 4489 806 4557 11666161116
826 4488 861 4544 cf.
881 4509 908 4560 p.
924 4495 983 4545 646.
