3162 5238
695 401 934 466 -190-

231 591 356 651 eundem
375 586 518 668 praebere
537 585 675 666 colorem,
694 594 727 644 ut
745 585 784 644 ita
805 584 909 665 dicam,
929 605 995 646 nam
1015 587 1094 649 solus
1114 587 1263 649 Romanus
1282 583 1395 666 ‘pauco

227 689 388 766 praefatus
407 704 548 762 mopnom
567 687 684 768 copiam
704 687 909 758 ecemptorum
928 703 967 745 em
986 691 1067 748 omni
1082 705 1197 763 periere
1212 692 1396 764 scriptorum
1456 738 1462 748 .

230 791 386 848 collectam
410 794 439 846 et
461 787 569 846 ordine
592 786 763 842 litterarum
788 783 962 864 dispositum
981 789 1137 861 compescit.
1176 787 1240 847 Soli
1258 789 1303 846 illi
1320 789 1397 846 onti-

230 903 358 960 ouorum
380 887 562 959 scriptorum
582 879 718 956 frustula
743 881 914 941 dilacerate
937 886 1066 959 quidem,
1089 887 1145 944 sed
1166 890 1265 944 tomen
1283 887 1395 960 pretio·

229 987 347 1044 sissimo
362 985 517 1052 decenum
531 982 644 1039 mutium
659 981 737 1037 enim
751 980 812 1036 nisi
824 980 1010 1039 tritissimum
1025 984 1204 1056 scriptorem
1219 999 1238 1040 o
1257 981 1396 1041 dionisio

230 1085 387 1142 laudatum
412 1082 551 1152 invenies,
576 1080 619 1136 eis
643 1079 777 1152 exceptis
796 1077 945 1152 capitibus
964 1095 1043 1151 quoe
1062 1097 1081 1138 u
1100 1079 1237 1139 Romano
1257 1081 1398 1138 troducit

228 1173 468 1255 grammaticus?
515 1177 546 1236 Si
574 1177 690 1235 nomina
720 1176 908 1255 scriptorum,
937 1194 1011 1255 qnos
1038 1192 1133 1252 paene
1156 1187 1274 1238 centum
1299 1175 1397 1236 laudat

230 1276 394 1357 Romanus,
407 1276 631 1355 perlustramus,
650 1291 700 1333 eos
714 1274 873 1350 praecipue
887 1275 1062 1348 invenimus,
1083 1293 1157 1353 quas
1171 1274 1395 1353 diligentissime

231 1385 428 1452 cognoverant
452 1375 619 1452 ceterisque
639 1370 837 1431 antetulerant
854 1370 891 1430 M.
907 1369 1060 1432 Cornelius
1079 1373 1189 1432 Fronto
1209 1383 1238 1432 et
1257 1373 1309 1451 qui
1328 1373 1394 1431 eum

231 1472 441 1554 sequebantur,
457 1473 535 1532 velut
549 1470 694 1549 Plautum,
709 1467 847 1548 Ennium,
863 1466 1011 1548 Catonem,
1027 1469 1201 1548 Gracchum,
1215 1468 1396 1547 Lucretium,

229 1570 400 1654 Laberium,
430 1570 610 1649 Sallustium,
639 1566 719 1627 alios.
766 1566 839 1627 Cum
869 1574 965 1626 autem
990 1568 1080 1627 iniis
1104 1566 1230 1627 Charisii
1254 1567 1396 1647 partibus,

229 1687 303 1746 quae
327 1669 362 1728 ad
387 1668 591 1729 Cominianum
616 1674 645 1725 et
668 1663 871 1724 Palaemonem
895 1672 928 1724 ut
952 1675 1088 1726 auctores
1112 1675 1258 1747 spectant,
1286 1683 1396 1745 paucos

230 1774 342 1826 tantini]
368 1784 478 1846 eosque
498 1775 530 1825 ut
549 1767 607 1825 iam
626 1764 754 1823 diximus
773 1765 944 1824 tritissimos
963 1773 1051 1842 atque
1071 1764 1207 1844 vtilgares
1226 1767 1396 1844 scriptores,

229 1867 259 1924 in
288 1864 395 1943 quihus
423 1873 542 1942 praeter
569 1871 686 1922 ceteros
714 1859 889 1940 Vergilium,
917 1861 1050 1923 laudatos
1072 1865 1270 1943 reperiamuS,
1299 1863 1395 1922 iacere

230 1981 287 2022 non
309 1979 477 2042 possumus,
497 1962 568 2040 quin
589 1979 621 2019 ea
642 1977 716 2039 quae
737 1977 771 2018 ex
791 1958 921 2020 Romano
941 1960 1115 2041 deprompta
1130 1971 1199 2022 sunt
1214 1957 1396 2022 ‘doctrinam

226 2064 319 2136 riuulo
348 2065 549 2136 antiquiorem
578 2061 716 2120 redolere
743 2064 773 2117 et
794 2061 921 2133 uestigio
944 2063 1124 2122 eruditionis
1146 2062 1298 2120 uberioris
1316 2078 1397 2137 prae

229 2176 261 2218 se
281 2153 384 2232 serre'
408 2158 617 2231 concedamus,
642 2174 699 2235 quo
724 2155 865 2236 efficitur,
890 2166 922 2216 ut
945 2156 1109 2220 Romanum
1133 2175 1193 2218 nou
1216 2156 1303 2235 paulo
1328 2165 1395 2218 ante

229 2256 395 2316 Charisium
418 2258 526 2316 vixisse
551 2255 714 2316 credamus.
1012 2265 1014 2268 ·

317 2354 337 2430 ἓ
355 2352 408 2415 46.
445 2353 476 2414 ld
496 2355 632 2432 inprimis
651 2351 805 2431 proprium
825 2363 870 2414 est
890 2374 992 2415 eorum
1012 2357 1150 2435 capitum,
1170 2373 1245 2434 quae
1266 2355 1396 2416 Romano

230 2451 318 2512 debet
333 2451 492 2531 Charisius,
512 2452 590 2530 qnod
610 2468 727 2529 semper
745 2468 800 2528 pro
820 2455 937 2512 nomine
956 2449 1121 2529 ‘Vergilio'
1140 2471 1303 2532 cognomen
1318 2453 1396 2514 illius

230 2558 333 2629 poetae
359 2550 514 2610 clarissimi
533 2551 633 2628 posuit
653 2549 811 2629 Romanus,
835 2551 925 2609 semel
946 2559 1057 2611 tantum
1074 2546 1271 2626 ‘Vergilium'
1290 2537 1397 2632 l'audat,

230 2649 308 2727 quod
333 2641 550 2731 Christius¹)
575 2650 614 2706 ita
639 2645 776 2726 explicat,
806 2655 838 2706 ut
866 2647 914 2707 hic
938 2647 1101 2709 Romanum
1125 2667 1193 2709 cum
1217 2648 1328 2709 iontem
1352 2667 1396 2708 se-

230 2754 372 2825 queretur
392 2750 442 2826 qui
457 2745 578 2823 Vergilii
596 2763 704 2805 nomen
723 2744 891 2825 praebebat,
910 2754 1029 2824 praeter
1048 2747 1294 2807 consuetudinem
1314 2765 1395 2808 suam

228 2844 300 2905 illud
334 2864 442 2906 nomen
474 2848 504 2905 in
532 2839 719 2904 ‘Maronem'
748 2843 932 2922 neglegentia
961 2844 1085 2924 quadam
1114 2864 1173 2905 non
1201 2853 1397 2906 commutasse

230 2951 358 3004 censeat.
403 2942 492 3003 Extat
514 2951 612 3006 autem
637 2942 684 3002 hic
707 2941 791 3002 locus
814 2945 843 3002 in
869 2961 903 3002 eo
928 2946 1038 3023 capite,
1066 2962 1126 3023 quo
1149 2946 1247 3023 agitur
1271 2944 1306 3004 de
1331 2963 1397 3003 aira-

229 3036 350 3124 logia²);
379 3061 412 3104 ea
441 3053 538 3103 autern
567 3045 597 3101 in
626 3049 709 3120 parte
738 3060 825 3120 quam
850 3059 929 3101 nunc
953 3051 1129 3122 spectamus,
1156 3038 1206 3103 ‘de
1229 3037 1398 3123 odrerbio',

229 3159 288 3200 non
310 3142 368 3199 nisi
387 3134 578 3201 ‘Maronem'
602 3137 751 3197 laudatum
775 3139 917 3200 invenies.
954 3139 1075 3199 Accedit
1098 3141 1177 3219 qnod
1201 3140 1275 3201 nihil
1293 3143 1323 3200 in
1343 3140 1397 3200 hac

229 3239 403 3298 tractatione
427 3237 547 3316 abipso
566 3235 700 3296 Charisia
720 3235 925 3314 interpolando
946 3237 1078 3298 additum
1098 3232 1253 3319 videtur.³)
1286 3239 1397 3298 Deinde

229 3355 263 3396 ex
294 3355 328 3396 eo
356 3335 434 3416 loco,
462 3354 551 3415 quem
580 3353 668 3414 supra
696 3339 989 3396 commemoravimus
1012 3330 1077 3418 (Gr.
1099 3336 1131 3397 L.
1155 3336 1219 3415 lp.
1242 3334 1316 3417 209,
1339 3334 1397 3418 21)

230 3436 326 3495 elucet
350 3444 440 3494 totam
463 3434 539 3494 hatte
563 3442 677 3512 partem
698 3435 844 3510 integram
863 3441 951 3512 atque
971 3437 1144 3495 immutatam
1164 3454 1179 3494 a
1199 3434 1332 3495 Charisia
1352 3453 1398 3494 re-

229 3541 343 3613 ceptam
377 3542 407 3592 et
440 3535 524 3610 operi
556 3537 697 3592 insertam
728 3550 802 3592 esse.
853 3531 946 3592 Porro
980 3551 1076 3611 neque
1105 3535 1135 3592 iu
1164 3532 1221 3592 tilla
1249 3533 1306 3592 hoc
1334 3532 1398 3593 loco

229 3632 425 3709 discrepantia
450 3638 500 3689 aut
522 3629 678 3691 verborum
697 3640 748 3690 aut
767 3649 873 3690 sensus
892 3630 1069 3708 offendimus
1088 3650 1185 3710 neque
1204 3632 1277 3692 ordo
1297 3651 1396 3693 rerum

321 3817 347 3884 1)
365 3809 468 3867 Philol.
488 3815 529 3878 18,
550 3829 575 3879 p.
595 3816 654 3865 mn.
717 3806 720 3814 '

318 3895 345 3962 2)
365 3893 405 3948 Of.
424 3889 497 3946 Keil.
518 3891 563 3944 Gr.
583 3891 613 3946 L.
634 3892 645 3944 Ι
663 3910 691 3960 p.
712 3896 771 3959 146,
792 3896 831 3946 bs

317 3981 345 4044 3)
363 3973 443 4038 Quot
462 3972 571 4026 adtinet
584 3972 621 4026 ad
635 3972 804 4026 Schwabii
823 3971 991 4026 sententiam
1005 3971 1133 4042 (Teuffel.
1153 3973 1217 4029 hiet.
1235 3973 1290 4029 litt.
1305 3973 1399 4030 ltom.⁶

228 4074 256 4125 p.
276 4059 356 4123 1024)
380 4054 414 4108 de
432 4052 530 4106 Marcii
549 4051 685 4106 Salutaris
708 4052 784 4106 vitae
808 4051 993 4123 temporibus,
1016 4053 1063 4107 hic
1086 4053 1180 4123 petius
1205 4071 1268 4108 cum
1286 4053 1398 4110 Kiess·

228 4135 339 4204 lingio
363 4131 478 4198 laciam3
505 4148 570 4185 nam
593 4131 642 4186 ille
666 4132 864 4202 grammaticus
888 4150 905 4188 a
928 4133 1054 4188 Romano
1077 4133 1121 4188 bis
1144 4133 1288 4202 laudatur,
1312 4134 1398 4190 semel

228 4217 338 4270 tantum
362 4214 416 4268 ‘uir
434 4211 663 4284 perfectissimus'
689 4213 854 4282 appellatur.
891 4212 1028 4282 Equidem
1052 4213 1112 4268 veri
1135 4213 1225 4268 simile
1250 4217 1318 4283 puto
1340 4213 1398 4269 iam

230 4298 295 4351 anta
310 4292 485 4349 Constantini
503 4295 627 4348 aetatem
645 4292 719 4349 viros
738 4293 828 4349 claros
847 4292 890 4348 ita
903 4294 1062 4350 nominatos
1077 4310 1146 4363 essa,
1161 4310 1321 4364 quanquam
1335 4312 1398 4364 per-

229 4376 428 4431 fectissimatus
447 4374 546 4428 titulus
562 4390 594 4428 eo
609 4390 664 4442 quo
680 4373 739 4426 dixi
753 4377 878 4444 tempore
893 4375 1039 4430 institutus
1055 4392 1115 4430 esse
1129 4373 1249 4429 videtur.
1278 4376 1398 4445 ‘Itaque

229 4458 272 4510 uir
287 4456 500 4526 perfectissimus
518 4456 577 4510 siue
595 4455 678 4509 dubio
698 4471 717 4507 a
730 4455 855 4510 Rmuamo
869 4457 1010 4524 prefactam
1028 4455 1095 4520 est'5
1113 4455 1147 4511 ci.
1168 4455 1344 4526 Froahde.‚
1364 4457 1397 4511 de
1453 4480 1458 4490 ·

229 4536 258 4591 O.
275 4536 345 4592 Iulio
365 4535 491 4590 Romano
511 4540 593 4602 1892,
613 4554 639 4604 p.
655 4540 715 4591 648.
