3162 5238
629 355 862 418 -167-—

166 539 333 600 habendum
362 540 413 619 sit,
441 555 499 616 quo
527 536 664 596 indoctus
693 536 812 615 quidam
836 536 1018 614 magistellos
1041 537 1243 616 explicaturus
1266 546 1329 598 erat

168 655 268 698 vocem
292 628 471 715 ‘fretum'.¹)
518 632 674 712 Vtriusque
703 636 849 694 sententia
876 653 929 713 per
957 653 988 694 se
1017 634 1092 694 hene
1121 636 1193 695 lerri
1219 643 1329 715 potest;

167 744 262 796 utrem
285 737 377 813 igitur
399 729 580 813 prohemus?
600 766 641 776 -
665 731 758 802 Quam
782 732 983 794 difficultatem
1007 733 1119 793 solvere
1144 752 1202 793 non
1226 752 1329 812 possu-

166 851 241 913 mus,
264 834 322 892 nisi
345 831 462 892 aliunde
487 830 627 890 auxilium
651 833 837 892 arcessimus
873 830 974 910 ltaque
996 831 1191 911 sequentibus
1210 833 1328 892 demon-

166 940 315 992 straturus
339 949 404 990 sum
428 932 502 990 viam
527 948 585 1010 qna
607 929 686 990 illam
710 928 913 1014 difficultatem
937 929 1000 989 tolli
1024 947 1111 1008 posse
1135 948 1231 1010 spero.

253 1029 272 1106 ξ
294 1025 344 1090 19.
381 1028 412 1088 Si
435 1030 521 1089 cuius
544 1030 700 1106 scriptoris
723 1026 823 1107 libros,
847 1030 897 1108 qui
919 1027 1004 1088 nobis
1024 1047 1083 1088 non
1102 1030 1210 1105 integri
1229 1029 1328 1088 traditi
1429 1105 1432 1110 ι

165 1138 246 1208 sont,
274 1126 381 1187 auxilio
410 1145 468 1187 non
497 1145 532 1186 ex
556 1129 629 1204 ipsis
652 1129 744 1205 petito
767 1127 927 1186 restituere
950 1144 1122 1209 possumus,
1154 1137 1205 1188 aut
1232 1128 1328 1188 fontes

166 1246 238 1306 qiros
276 1226 324 1286 ille
357 1228 485 1306 scriptor
518 1226 590 1285 adiit
626 1227 772 1304 inspicere
805 1232 855 1283 ant
887 1226 1049 1302 scriptores
1087 1228 1137 1304 qui
1165 1225 1246 1286 illum
1280 1244 1328 1286 ex·

164 1335 340 1405 oerpserunt
375 1326 550 1404 perquirere
588 1324 737 1384 debemus.
792 1321 854 1382 Hoc
888 1324 913 1381 si
944 1325 976 1382 in
1007 1322 1218 1403 Porphyrionis
1251 1343 1328 1384 com·

165 1425 323 1484 mentarios
342 1423 611 1504 transferimusm
629 1423 726 1482 fontes
744 1423 808 1481 eius
828 1420 966 1481 adeamus
986 1419 1071 1480 nobis
1090 1439 1150 1480 non
1169 1425 1328 1501 continget,

164 1523 272 1601 quippe
305 1540 372 1582 cum
405 1520 520 1580 Helenii
552 1522 689 1601 heronis,
726 1519 858 1579 Terentii
890 1517 1008 1598 Scauri,
1040 1518 1171 1599 Claram,
1203 1518 1327 1579 aliorum

162 1638 260 1702 opera,
283 1618 391 1698 quihus
414 1619 462 1679 ille
486 1637 558 1679 usus
582 1628 640 1699 est,
664 1619 845 1698 interieriot;
869 1618 980 1695 scripta
1003 1624 1102 1678 aulem
1126 1617 1161 1678 ad
1186 1636 1239 1678 nos
1263 1636 1327 1696 per-

163 1727 320 1797 venerunt,
353 1721 382 1776 in
416 1716 527 1796 quihus
557 1718 647 1777 multa
681 1717 715 1776 ad
743 1715 976 1795 Porphyrionem
1005 1723 1156 1776 auctorem
1185 1724 1328 1794 spectant.

163 1814 312 1876 Habemus
335 1816 465 1875 enimin
484 1799 633 1874 nonnulli's
653 1813 805 1875 codicibus
824 1814 992 1874 Horatianis
1012 1809 1274 1892 ‘expositiones
1293 1818 1328 1875 in

162 1914 301 1974 Horatii
320 1908 503 1994 carmina',
523 1932 598 1992 quae
618 1909 778 1975 ‘Italorum
796 1916 914 1974 saeculi
926 1913 960 1971 Χ
966 1912 1186 1973 Vliberolitate
1201 1917 1329 1974 Acroois

161 2016 280 2073 nomine
302 2014 484 2072 nobilissimo
507 2013 605 2070 ditato
623 2003 746 2093 sunt.'²)
783 2010 843 2070 lam
863 2003 1062 2091 llellerns³)
1082 2011 1328 2071 animadverterat
1428 2086 1430 2090 ,

162 2128 210 2170 eas
243 2112 454 2190 expositiones,
487 2126 561 2187 quas
589 2108 682 2169 codex
713 2107 827 2168 Horatii
858 2107 1044 2168 Parisinus
1074 2105 1159 2169 7900
1187 2112 1210 2169 Α
1239 2129 1261 2170 s.
1289 2109 1328 2169 lll

162 2207 297 2291 praehet,
325 2209 475 2287 propriam
503 2215 591 2285 atque
616 2207 844 2268 vetustissimam
870 2225 972 2266 eorum
996 2205 1177 2268 scholiorum
1199 2207 1326 2269 Pseuda-

162 2310 369 2370 cronianorom
398 2323 464 2366 esse
492 2306 708 2385 recensionem,
738 2324 824 2384 qoam
853 2304 889 2365 ab
919 2322 977 2364 tino
1007 2313 1128 2365 auctore
1157 2308 1241 2366 initio
1265 2309 1327 2368 lere

161 2405 271 2467 saeculi
290 2403 313 2462 V
336 2421 402 2464 esse
426 2405 623 2482 conscriptam
647 2398 839 2487 contenditfi)
887 2403 967 2474 Quae
991 2403 1113 2482 reliquis
1137 2407 1328 2466 continentur

161 2503 313 2565 codicibus
333 2501 451 2583 scholia,
471 2520 504 2564 ea
521 2495 690 2582 uolutat)
710 2504 740 2561 in
759 2503 832 2562 duas
849 2504 1039 2562 recensiones
1054 2501 1224 2562 discernere
1239 2514 1326 2583 atquo

161 2623 219 2683 quo
243 2620 377 2680 quaeque
401 2610 465 2661 orta
489 2602 527 2660 sit
549 2608 682 2677 tempore
706 2599 928 2679 angustioribus
952 2598 1061 2660 linibus
1081 2602 1327 2662 circumscribere

161 2709 283 2763 conatus
311 2710 370 2780 est;
402 2716 489 2778 quam
518 2700 707 2779 sententiam,
736 2718 802 2760 cum
834 2698 991 2760 admodum
1019 2700 1132 2759 incerta
1162 2692 1247 2782 sit⁶)‚
1279 2701 1326 2761 hic

160 2803 342 2879 omittamus,
374 2806 404 2857 et
435 2796 492 2856 hoc
524 2796 633 2856 dixisse
667 2799 737 2857 satis
769 2797 925 2877 habemus,
963 2797 1036 2856 duas
1068 2801 1258 2859 recensiones
1291 2819 1325 2860 ex

161 2917 264 2977 magna
295 2896 344 2957 ille
376 2893 556 2955 scholiorum
585 2894 773 2955 multitudine
802 2897 934 2955 eminere
962 2913 1026 2954 eam
1054 2914 1140 2973 quam
1170 2897 1233 2957 cod.
1261 2897 1325 2959 Par.

162 2993 284 3057 790οΑ
303 2993 425 3074 praebet
449 3011 582 3071 quaeque
608 2995 710 3072 quinto
735 2995 797 3054 lere
820 2993 938 3053 saeculo
962 2992 1118 3053 tribuenda
1138 3005 1197 3074 est,
1220 2995 1325 3056 deindo

161 3113 223 3155 eam
251 3093 454 3154 recensionem
482 3110 569 3169 quam
598 3090 717 3153 exhibet
745 3092 809 3152 cod.
837 3091 961 3152 Parisin.
987 3087 1116 3172 lonay,
1146 3111 1233 3171 qoam
1259 3104 1327 3173 post

160 3191 238 3252 illam
262 3191 454 3269 compositam
478 3207 543 3249 esse
568 3183 725 3272 constatl)

249 3289 268 3366 ξ
288 3286 338 3350 20.
375 3287 545 3347 Proximum
570 3295 615 3348 est
638 3297 672 3349 ut
691 3288 727 3348 de
746 3290 861 3367 origine
879 3297 967 3366 atque
986 3297 1090 3348 natura
1110 3288 1189 3349 illius
1207 3295 1327 3351 vetusti-

160 3391 220 3448 oris
253 3385 432 3447 scholiorum
461 3388 657 3467 recensionis,
682 3419 720 3427 -
751 3404 819 3444 narn
847 3385 883 3445 de
911 3385 966 3445 hac
993 3388 1152 3464 praecipue
1181 3389 1325 3466 agendum

159 3487 216 3546 erit
257 3517 294 3527 -
334 3482 532 3564 disputemus,
569 3483 621 3542 sed
660 3501 696 3543 ne
733 3482 813 3562 longi
845 3485 951 3563 simus,
988 3502 1061 3562 quae
1094 3483 1263 3547 Hellerus
1296 3496 1326 3547 et

160 3574 436 3664 Kiesslingius⁸)
465 3580 501 3640 de
529 3580 584 3641 hac
608 3599 640 3641 re
664 3588 879 3662 exposuerunt,
906 3583 1008 3659 paucis
1032 3582 1326 3660 comprehendamus

249 3757 276 3826 1)
298 3755 330 3808 ln
356 3751 457 3823 glossis
484 3751 563 3806 velut
550 3753 620 3808 bin
645 3750 718 3807 libro
745 3751 901 3823 glossarum
928 3752 1089 3822 frequenter
1117 3754 1251 3808 ‘fretum’
1276 3774 1326 3825 per

160 3836 268 3890 ‘mare'
289 3832 452 3903 explicatur,
472 3832 560 3888 velut:
579 3835 666 3901 fremo
685 3835 776 3888 moria
795 3839 957 3903 acpnsta-
967 3835 1054 3900 fretu
1072 3849 1146 3888 more
1159 3850 1215 3888 coo
1230 3836 1324 3891 latum.

294 3911 444 3982 Kiessling.
463 3912 482 3968 l.
502 3932 524 3970 c.
543 3933 570 3984 p.
590 3921 614 3969 b.

248 3916 418 4144 zbsymbol.
437 3992 505 4064 phil.
524 3993 612 4049 Boon.
631 4012 658 4063 p.
678 3999 738 4061 499,
758 3992 852 4048 adnob.
873 4001 915 4049 59.

246 4001 263 4128 Ξ
292 4072 332 4129 Ol.
351 4071 454 4128 Keller.
472 4073 676 4143 Epilegomone
694 4073 731 4126 ad
749 4072 911 4142 Horatium,
930 4092 956 4143 p.
978 4079 1036 4127 tet.

248 4155 275 4224 b)
292 4152 334 4207 De
352 4154 441 4208 tribus
460 4154 682 4209 Pseudo-Acron.
701 4151 869 4208 scholiorum
888 4152 1097 4208 recensionibus
1118 4159 1193 4208 1883.

246 4238 272 4307 6)
293 4235 333 4290 cf.
363 4234 455 4326 Sibil.
483 4233 513 4287 in
535 4234 605 4289 Ann.
629 4233 708 4289 Burs.
735 4239 810 4302 1885,
834 4235 859 4288 ll
883 4254 909 4304 p.
929 4233 1009 4306 49βό9
1036 4237 1065 4289 eb
1092 4235 1269 4291 Knrscheb.
1294 4236 1323 4290 in

158 4313 626 4466 ΡωεῐῖξέῗῃΡθῖἒοῗξιιίῙέεῗὲἓ,
638 4322 672 4465 4p.
693 4402 717 4464 b,
736 4396 830 4452 adnot.
852 4402 892 4450 14.

248 4473 435 4546 &ilco
