3162 5238
248 1276 267 1354 ξ
288 1273 316 1337 1.
354 1275 395 1336 lle
418 1277 513 1355 patria
536 1287 566 1336 et
589 1284 683 1338 aetate
708 1275 863 1355 Pomponii
886 1276 1110 1360 Porphyrionis,
1135 1297 1222 1358 quem
1246 1298 1324 1339 com-

160 1377 320 1436 mentarios
344 1377 375 1434 iu
394 1372 508 1434 Horatii
531 1376 661 1434 carmina
686 1377 888 1454 composuisse
912 1383 1016 1436 notum
1040 1384 1094 1460 est,
1117 1376 1190 1437 nihil
1211 1387 1326 1438 veteres

160 1472 360 1533 tradiderunt:
383 1471 575 1533 nibilominus
599 1473 654 1532 viri
677 1472 756 1532 docti
779 1475 860 1533 vario
884 1473 971 1533 modo
995 1483 1025 1534 et
1049 1492 1064 1534 a
1089 1476 1177 1535 variis
1199 1476 1327 1554 proiecti

158 1571 358 1632 fundamentis
388 1579 418 1632 et
444 1571 480 1630 de
509 1574 603 1650 patria
632 1582 662 1633 et
689 1572 726 1632 de
754 1580 848 1633 aetate
873 1573 1092 1651 quaesiverunt.
1143 1572 1205 1644 Qua
1233 1575 1264 1633 in
1294 1592 1326 1634 re

157 1687 231 1748 quae
260 1668 317 1730 sibi
346 1670 480 1730 effecisse
508 1669 684 1730 videbantur
712 1669 834 1750 singuli,
865 1670 1093 1750 haudquaquam
1120 1674 1161 1732 ita
1188 1673 1267 1732 iuter
1295 1690 1326 1732 se

156 1776 333 1848 congruunt,
357 1776 391 1829 ut
413 1787 505 1829 novae
530 1770 698 1847 quaestioni
723 1771 876 1829 materiem
899 1772 1127 1849 praeripuerint.
1164 1769 1224 1830 Nos
1248 1788 1327 1850 vero,

156 1878 190 1928 ut
208 1870 414 1947 quaestionem
432 1868 468 1927 de
487 1869 582 1946 patria
601 1869 852 1947 commentatoris,
876 1885 951 1946 quae
971 1870 1093 1929 minoris
1113 1877 1158 1929 est
1177 1871 1327 1950 momenti,

155 1966 204 2026 hio
228 1960 426 2047 mittamus1),
449 1965 506 2026 boc
530 1965 628 2026 libello
654 1966 683 2026 id
707 1964 794 2026 nobis
812 1968 1022 2045 proposuimus
1041 1974 1075 2027 ut
1093 1967 1327 2046 Porphyrionem

156 2072 238 2124 certo
258 2064 376 2125 saeculo
396 2064 562 2125 tribuamus
582 2065 818 2143 sententiamque
838 2071 969 2124 nostram
990 2073 1132 2143 quantum
1151 2066 1217 2126 fieri
1233 2067 1328 2145 possit

157 2165 228 2223 satis
252 2163 346 2223 firmis
372 2164 554 2241 argumentis
578 2160 814 2240 comprobemus.

244 2259 264 2338 ξ
279 2257 307 2320 2.
342 2259 400 2320 Sed
418 2261 591 2340 priusquam
607 2279 671 2320 rem
685 2263 781 2338 ipsam
798 2260 996 2340 aggredimur,
1016 2263 1177 2322 sententias
1196 2263 1327 2322 virorum

156 2359 320 2443 doctorum,
340 2361 392 2440 qui
406 2377 502 2437 usque
518 2359 552 2418 ad
569 2359 641 2420 haec
656 2366 790 2438 tempora
805 2358 883 2420 illam
899 2361 1103 2438 quaestionem
1117 2368 1328 2439 tractaverunt,

155 2458 288 2519 breviter
311 2475 541 2537 percenseamus
565 2467 594 2518 et
618 2457 727 2536 quibus
751 2458 934 2534 argumentis
958 2475 1041 2518 suam
1064 2459 1190 2537 quisque
1210 2466 1326 2518 senteu-

157 2559 228 2617 tiam
252 2556 357 2618 lulcire
381 2561 505 2617 conatus
529 2557 568 2616 sit
591 2557 751 2616 videamus.
798 2553 861 2625 Qua
885 2558 915 2615 in
940 2557 1052 2617 reboo
1075 2556 1327 2635 praemonendum

155 2663 201 2716 est
224 2653 290 2715 illos
314 2657 344 2714 in
369 2653 441 2715 duas
464 2661 564 2732 partes
588 2654 775 2734 discessisse3
799 2653 848 2714 alii
870 2657 958 2736 euim,
982 2672 1041 2733 quo
1064 2657 1095 2714 in
1114 2674 1239 2716 numero
1258 2664 1338 2716 sunt·

156 2751 323 2813 Kellerus
349 2759 379 2812 ct
403 2749 659 2834 Kiesslingius,
687 2755 809 2813 ineunte
838 2751 956 2812 saeculo
981 2755 1069 2813 tertio
1093 2752 1327 2833 Porphyrionem

155 2851 263 2910 vixisse
279 2851 531 2929 existimaverunt,
550 2849 599 2910 alii
614 2862 721 2932 autem,
735 2855 766 2912 in
781 2851 890 2930 quibus
906 2850 1090 2932 Sittelius,
1105 2851 1137 2912 G.
1152 2851 1329 2936 Meyerus,

155 2945 247 3008 Urba
271 2946 327 3008 sub
350 2947 438 3007 finem
463 2949 561 3025 quarti
585 2949 697 3011 saeculi
720 2969 789 3010 eum
810 2951 897 3010 vitam
918 2949 1033 3029 degisse
1054 2950 1282 3012 affirmaverunt.

247 3045 288 3104 Ac
319 3046 448 3124 primum
482 3045 602 3124 quidem
635 3049 672 3107 iis
701 3067 776 3128 quae
804 3041 1002 3130 Kellerus²)
1031 3048 1067 3109 ad
1095 3050 1326 3110 confirmandam

157 3147 333 3206 sententiam
357 3142 494 3223 protulit,
517 3143 627 3205 nullam
652 3150 772 3208 omnino
796 3148 963 3224 argumenti
987 3149 1043 3206 vim
1068 3146 1201 3208 tribuere
1225 3167 1327 3227 possu-

154 3237 266 3325 mus³);
305 3259 373 3303 nam
409 3250 565 3320 postquam
597 3241 833 3324 Porphyrionem
865 3246 943 3304 intra
976 3261 1083 3304 annos·
1103 3241 1168 3306 140
1200 3256 1231 3306 et
1262 3244 1328 3308 300

153 3342 261 3401 vixisse
285 3337 448 3418 contendit,
472 3337 551 3398 nulla
575 3359 606 3401 se
631 3361 663 3402 re
687 3343 826 3421 impediri
850 3342 990 3420 affirmat,
1014 3345 1173 3420 quominus
1196 3343 1327 3424 Porphy-

153 3439 247 3500 rionis
275 3439 503 3498 commentarios
526 3439 606 3498 iuter
628 3458 721 3500 annos
745 3437 811 3501 200
835 3447 865 3499 et
889 3435 954 3500 250
979 3441 1107 3517 scriptos
1131 3459 1196 3501 esse
1222 3451 1327 3503 sumat.

154 3536 257 3616 Neque
282 3529 560 3616 Kiesslingius⁴)
589 3540 659 3617 quid
684 3539 720 3600 de
744 3539 800 3599 bac
824 3557 856 3598 re
881 3539 1007 3598 sentiret
1030 3540 1101 3599 satis
1125 3539 1217 3600 firmis
1241 3559 1326 3620 argu·

155 3636 263 3695 mentis
292 3632 499 3713 comprobasse
532 3635 605 3696 mihi
637 3638 763 3698 videtur.
814 3635 892 3696 Dicit
925 3637 1003 3696 enim
1034 3636 1095 3697 lere
1123 3637 1209 3700 haee:
1242 3634 1327 3699 ‘Cum

155 3731 248 3793 Iulius
267 3733 418 3793 Romanus
437 3732 514 3810 apud
530 3732 696 3796 Charisium
711 3735 854 3797 Marcium
875 3734 1021 3812 quendam
1038 3733 1202 3796 Salutarem
1220 3737 1328 3818 laudet,

154 3830 188 3889 ad
219 3849 306 3910 quem
338 3832 384 3890 vix
409 3838 477 3890 aute
501 3830 658 3893 Alexandri
681 3835 993 3912 aetatem‘provocare
1018 3835 1161 3915 potuerit,
1189 3835 1327 3915 idemque

243 4019 269 4090 1)
296 4018 337 4074 cf.
366 4018 401 4074 de
428 4017 482 4072 hoc
509 4036 539 4074 re
568 4019 598 4074 Ο.
622 4021 751 4092 Keller,
780 4021 915 4092 Symbola
943 4020 1014 4075 Phil.
1039 4021 1127 4078 Bonn.
1156 4043 1182 4093 p.
1207 4028 1258 4078 495
1270 4041 1326 4095 sq.;

153 4097 182 4154 0.
200 4098 230 4154 F.
250 4098 353 4167 Urba,
372 4098 556 4155 Melelemola
573 4097 784 4172 Porphyriones
802 4104 831 4157 P.
851 4100 890 4155 ΠΙ
909 4099 1023 4171 passim.
1302 4093 1305 4104 ’

243 4180 270 4246 2)
290 4177 308 4234 l.
329 4195 353 4234 c.
373 4197 399 4249 p.
420 4184 480 4234 491.

241 4259 269 4326 3)
293 4257 333 4314 Cf.
358 4257 455 4327 Sibil,
485 4257 537 4314 Die
559 4259 673 4316 lokalen
697 4260 985 4318 Verschisdenbeiteu
1010 4261 1059 4317 der
1082 4261 1179 4319 letoio.
1205 4265 1326 4335 Sprache

153 4343 222 4394 reso
241 4357 270 4408 p.
289 4344 324 4394 oo
342 4340 438 4395 adnot.
457 4345 500 4394 ae.

240 4419 268 4488 4)
286 4419 327 4474 De
349 4419 476 4488 personis
495 4420 657 4477 Horatianis
680 4424 888 4479 commentatio.
926 4439 1018 4492 progr.
1038 4423 1194 4494 Gryphisw.
1213 4444 1232 4479 s.
1253 4430 1322 4484 aest.

152 4503 221 4553 roso
239 4516 267 4567 p.
287 4504 302 4554 a
321 4498 417 4555 adnot.
437 4505 462 4554 e.
